2946 5010
232 326 294 389 422
355 321 406 387 'ne
429 270 645 389 rncvuinro
669 338 889 388 aonosrrcno
913 337 1047 387 nmrrrs
1071 337 1250 387 ononrosr.

232 518 317 578 mus,
347 516 409 579 quo
437 493 534 557 latius
560 492 618 557 illa
646 494 717 577 ipsa
740 492 892 578 analogia
919 513 977 576 per
999 492 1227 576 antiquitatem
1247 491 1369 578 linguae

234 608 338 690 patet:
376 605 459 688 quod
487 626 590 688 genus
619 603 681 668 alio
710 625 813 687 nuper
841 602 986 687 exemplo
1014 602 1247 667 illustravimus
1276 603 1369 667 Musei

235 715 384 792 Rhenanj
417 719 441 778 t.
465 714 560 779 XXII
592 738 624 799 p.
648 714 721 779 607.
745 714 819 780 613.
864 713 951 789 Quae
980 735 1053 778 cum
1072 713 1125 778 lta
1148 714 1233 797 sint,
1269 714 1369 798 quidni

235 826 413 912 simplicem
439 833 470 889 ei
494 826 686 909 scripturam
720 825 804 909 apud
832 823 984 890 Plautum
1017 846 1178 889 servemus
1185 875 1195 909 ‚
1227 825 1264 890 in
1291 826 1370 890 cuius

237 938 399 1003 codicibus
421 935 555 1001 alicuius
577 943 619 1000 eii
632 935 754 1000 formae
769 958 811 1000 ne
825 936 1049 1007 tenuissimum
1064 935 1194 1020 quidem
1208 937 1370 1022 vestigium

236 1048 362 1113 exstet?
383 1087 425 1096 —
453 1046 654 1131 Quamquam
682 1046 880 1110 consimilem
903 1062 1025 1124 Qvolffl
1047 1046 1186 1111 formam
1212 1047 1369 1112 fatendum

213 1163 285 1225 -est
306 1181 385 1224 sane
408 1158 504 1222 aliam
525 1157 827 1241 interpretationem
848 1179 916 1222 non
938 1158 1108 1223 admittere
1130 1157 1195 1222 nisi
1217 1161 1255 1222 ut
1274 1157 1368 1222 valcat

236 1268 362 1358 qaoy‘et]

178 1394 216 1445 xll
321 1380 473 1464 Superest
486 1383 532 1463 ut,
555 1382 726 1464 postquam
746 1379 907 1465 permensi
923 1402 1031 1445 sumus
1053 1380 1282 1464 praestitutum
1297 1401 1367 1445 cam·

237 1514 329 1575 pum,
353 1512 511 1555 summam
539 1512 750 1575 eorumquae
778 1490 923 1556 videmur
944 1491 1143 1575 explorasse,
1174 1493 1221 1556 sic
1243 1491 1367 1556 breviter

120 1581 130 1591 ¹
239 1601 562 1685 comprehendamus:

344 1743 531 1801 Meretricem
552 1743 681 1802 Athenis
703 1727 858 1817 llphosum
879 1745 966 1804 miles
989 1744 1100 1805 tvchit.

343 1827 380 1885 Id
403 1828 475 1885 dum
498 1847 547 1885 ero
571 1829 684 1886 amanti
706 1831 808 1888 servos
830 1829 969 1888 nuntilrre
991 1831 1058 1888 volt

344 1912 460 1987 chtto
483 1931 616 1988 peregre,
640 1914 761 1988 ceptust
783 1914 867 1989 ipsus
889 1918 922 1973 ln
941 1915 1019 1973 mari

344 1997 385 2054 Et
408 1998 505 2055 cidem
526 1998 571 2055 illi
594 1998 684 2055 militi
707 1998 785 2057 dond
809 1999 921 2058 datust.

281 2088 297 2135 5
346 2082 440 2139 Suum
463 2082 585 2141 arcessit
607 2102 708 2142 servos
732 2084 885 2143 ddminum
907 2084 1034 2143 Athenis
1057 2088 1088 2144 dt
1111 2084 1193 2144 forat

346 2165 479 2226 Geminis
502 2186 689 2226 communem
711 2172 785 2227 scite
806 2170 953 2244 parietem
975 2171 1115 2243 aedibus,

344 2253 462 2311 Liccrot
484 2256 519 2310 ut
541 2253 617 2312 clam
639 2254 795 2312 cdnveniro
818 2256 998 2314 amentibus.
1071 2326 1075 2331 Ι

347 2337 496 2398 Obdrrans
520 2342 620 2399 custos
643 2339 697 2398 hos
720 2339 803 2398 videt
826 2340 863 2397 de
884 2341 1012 2416 teguIiS,

345 2423 493 2483 Ridiculis
516 2426 625 2495 autom,
650 2424 735 2499 qutsi
758 2424 798 2483 sit
821 2419 894 2497 alia,
917 2425 1042 2483 ldditur.

277 2514 309 2563 10
351 2509 489 2582 Ittmquc
510 2509 639 2583 impellit
660 2509 788 2567 militem
809 2509 990 2583 Palaestrio,

347 2593 496 2652 Omissam
518 2592 611 2653 saciat
632 2594 838 2667 cdncubinam,
863 2596 983 2670 quando
1007 2597 1034 2654 oi

347 2678 433 2737 Senis
456 2679 547 2737 vicini
570 2680 673 2752 cupiat
694 2698 770 2738 uxor
790 2680 912 2738 nubcrc.

346 2762 435 2820 Vltro
459 2764 547 2821 theat
569 2767 644 2837 orat,
669 2763 761 2822 ddnat
784 2765 888 2823 multa.
912 2766 1030 2840 ipsein
1054 2766 1143 2826 domo

349 2846 437 2904 Souis
459 2848 623 2922 prehensus
644 2852 758 2923 potnas
781 2869 836 2924 pro
859 2851 981 2910 moeohd
1004 2851 1071 2909 luit.
