2896 4966
183 307 248 372 664
514 317 691 368 raosonm
713 316 784 365 von
806 310 1014 363 aaranws,

270 477 365 543 Prius
387 477 496 540 autem
511 494 607 558 quam
622 494 696 536 eum
718 470 947 557 disputationis
965 493 1111 536 cursum
1136 474 1357 557 instituemus,

186 590 240 676 qui
256 588 381 654 videtur
402 586 438 651 in
453 583 513 650 hoc
529 606 647 669 genere
668 582 826 648 tenendus
842 603 922 665 esse,
948 582 1135 648 videamus
1153 585 1197 648 de
1213 607 1252 649 eo
1276 607 1359 649 versu

186 722 281 786 quern
302 698 464 784 posuimus
487 694 671 761 secundum.
715 693 748 758 Is
770 693 856 759 euim
878 693 920 757 ab
943 692 1010 757 hac
1036 696 1248 779 quaestione
1270 696 1359 780 plane

187 816 236 877 est
257 809 489 895 seiungendus3
511 830 587 872 nam
609 808 821 891 quotcumque
843 804 878 869 in
900 825 938 869 eo
961 807 1108 872 exstant
1126 808 1298 872 scribendi
1312 829 1359 891 ge-

186 944 282 1006 nera,
317 944 355 987 ea
376 920 485 984 omnia
507 940 569 1004 quo
591 917 683 982 modo
705 919 776 980 orta
809 916 874 981 sint
901 915 1072 982 facillime
1096 919 1307 1003 perspicitur
1326 941 1358 982 ex

187 1033 325 1120 pristina
346 1032 441 1096 huius
463 1051 572 1095 versus
595 1028 711 1114 specie,
735 1049 831 1113 quam
852 1027 936 1092 hanc
960 1027 1072 1093 fuisse

340 1200 393 1260 Bis
416 1202 473 1260 est
494 1198 587 1257 mori
610 1196 734 1256 alterius
757 1196 880 1254 arbitrio
905 1195 1005 1254 mori

190 1391 249 1455 ego
272 1366 397 1453 pridem
420 1385 617 1447 censueram,
642 1384 714 1427 cum
735 1361 820 1427 idem
835 1361 874 1424 de
896 1361 1011 1427 eodem
1027 1385 1136 1429 versu
1153 1365 1272 1431 Bothii
1296 1388 1356 1429 esse

188 1479 342 1546 iudicium
371 1475 446 1541 vidi.
490 1473 621 1540 Etenim
655 1472 898 1538 usitatissimum
931 1484 977 1537 cst
1010 1475 1178 1541 vocabuli
1216 1499 1356 1562 compen·

188 1592 276 1656 dium
297 1593 318 1654 c*
341 1587 396 1652 ubi
419 1585 682 1671 adstringebatur
705 1584 746 1648 ad
767 1584 943 1669 proximam
966 1606 1106 1670 vocem,
1140 1589 1285 1672 protulit
1305 1589 1355 1651 im·

188 1705 362 1788 portunum
391 1697 470 1762 illud
498 1704 606 1776 emori,
637 1695 722 1782 quod
744 1719 763 1759 a
785 1694 888 1761 Gudio
917 1697 1200 1764 commendatum
1230 1700 1353 1764 adnota-

189 1815 277 1877 tione
301 1810 341 1874 ad
356 1808 494 1905 Phaedri
515 1808 582 1872 fab.
599 1806 626 1891 I,
649 1808 680 1891 6,
704 1808 735 1891 8,
759 1807 801 1870 ab
822 1806 902 1870 Iano
925 1809 1036 1871 autem
1055 1808 1210 1875 Grutero
1234 1833 1352 1894 suscep

190 1927 258 1988 tum
269 1922 305 1986 in
316 1918 525 2005 Florilegium
537 1917 834 2002 ethico-politicum,
848 1917 969 1980 editum
981 1917 1208 1986 lbaucosurti
1222 1946 1252 1986 a.
1266 1923 1347 2002 loro,

189 2055 277 2099 nunc
298 2031 467 2116 vulgatum
489 2031 548 2094 est.
593 2030 700 2113 Atque
728 2050 767 2092 ex
796 2027 904 2093 eodem
932 2027 988 2091 illo
1012 2032 1223 2115 compendio
1247 2054 1347 2097 mana·

189 2147 253 2229 vit,
283 2142 366 2229 quod
393 2141 563 2226 legebatur
596 2142 672 2203 anta
701 2137 855 2204 Gudium:
889 2143 933 2202 bis
960 2146 1039 2203 enim
1071 2150 1176 2221 mori,
1210 2145 1285 2208 inde
1311 2143 1346 2206 ab

190 2256 327 2322 Erasmo
348 2253 525 2338 vulgatum.
569 2250 689 2326 Quodsi
711 2251 745 2315 in
765 2250 871 2334 priore
892 2247 962 2313 loco
977 2250 1126 2333 positum
1152 2259 1228 2318 erat
1249 2261 1337 2319 emori

79 2368 85 2378 ’
191 2366 332 2453 proclive
360 2367 431 2428 erat
460 2363 569 2427 eodem
597 2361 690 2426 modo
717 2383 826 2425 versus
854 2359 973 2424 exitum
996 2360 1223 2450 interpolare,
1248 2370 1283 2430 ut
1303 2367 1343 2427 est

193 2478 277 2564 apud
306 2476 494 2542 Gruterum:
528 2479 572 2539 bis
601 2484 645 2538 cst
671 2479 751 2538 mori
776 2478 901 2536 alterius
929 2475 1060 2536 arbitrio
1090 2480 1204 2540 emori.
1250 2476 1340 2551 Quam

193 2589 321 2676 quidem
343 2587 535 2670 scripturam
557 2605 622 2647 una
638 2576 765 2648 sublata
786 2582 928 2646 litterula
942 2582 1092 2666 perpolio
1115 2585 1177 2669 sic,
1203 2592 1340 2670 utsupra

194 2698 383 2766 commonui.
428 2695 513 2761 Nam
535 2717 602 2759 non
622 2697 730 2779 potest
757 2694 928 2778 quicquam
956 2694 1096 2778 cogitari
1127 2696 1273 2781 ineptius
1293 2695 1339 2759 illo

144 2825 175 2874 17
195 2810 370 2895 composito
392 2807 489 2872 verbo
511 2813 625 2884 emori,
655 2826 718 2890 quo
740 2808 773 2868 et
795 2804 974 2868 sententiae
1002 2804 1185 2892 integritas
1211 2828 1336 2873 eorrum-

194 2924 282 3009 pitur
304 2924 337 2985 et
359 2918 576 3003 oppositorum
597 2916 722 2980 tollitur
745 2915 956 2980 concinnitas.

278 3032 330 3096 Ita
353 3032 460 3094 autem
483 3028 544 3092 etsi
566 3048 666 3090 unum
687 3027 877 3090 removimus
899 3027 1094 3110 exemplum,
1123 3033 1238 3093 tamen
1259 3049 1336 3113 prae

194 3149 245 3209 ter
266 3163 393 3207 versum
420 3139 568 3222 tertium,
603 3138 642 3202 de
674 3159 737 3222 quo
769 3136 933 3221 aliquanto
964 3119 1039 3221 post
1072 3140 1138 3203 erit
1168 3137 1335 3203 disserendi

195 3256 294 3338 locus,
318 3250 395 3337 quid
416 3250 475 3314 fiat
496 3247 650 3333 reliquis?
678 3248 726 3311 At
739 3247 819 3311 haec
834 3268 958 3332 quoque
980 3246 1008 3310 si
1030 3247 1142 3313 minus
1165 3250 1334 3328 removebo,

197 3352 282 3431 certe
311 3359 557 3447 argumentandi
585 3358 634 3442 vi,
664 3361 700 3421 ut
727 3379 835 3441 spero,
861 3357 1004 3440 privabo.
1050 3358 1158 3433 Quam
1183 3359 1335 3426 autemiu

143 3501 146 3506 “
195 3476 281 3541 hanc
302 3496 370 3538 rem
398 3473 643 3555 expromptums
671 3490 741 3533 sum
774 3468 1005 3550 coniecturam,
1038 3490 1111 3533 eam
1139 3493 1207 3535 non
1241 3470 1336 3535 dubito

196 3588 275 3673 quin
297 3581 446 3649 nonnulli
467 3581 638 3645 temeraria
660 3601 729 3645 esse
752 3578 884 3643 audacia
907 3579 1128 3663 excogitatam
1152 3579 1337 3646 clamitatum

197 3698 264 3762 sint
286 3699 319 3760 et
333 3692 513 3759 cavillaturi
534 3690 619 3756 haud
634 3690 846 3755 mediocriter.
891 3688 1012 3764 Quibus
1035 3670 1258 3774 reputandum
1271 3689 1336 3757 illud

197 3811 257 3890 est,
280 3807 360 3870 haec
382 3805 490 3869 omnia
512 3824 578 3867 non
601 3801 778 3887 excogitari
801 3800 841 3864 ad
863 3821 979 3864 novam
1002 3802 1171 3884 quandam
1193 3808 1226 3869 et
1250 3805 1338 3868 incer·

197 3923 265 3982 tam
287 3916 471 4000 opinionem
492 3913 555 3978 levi
577 3912 714 3998 quadam
728 3910 966 3996 probabilitatis
988 3911 1097 3995 specie
1121 3920 1240 3999 argute
1263 3935 1339 3978 exor-

197 4028 350 4110 nandam,
374 4025 429 4089 sed
452 4024 492 4088 ad
514 4023 739 4089 stabiliendam
767 4022 834 4086 eius
862 4020 948 4085 modi
970 4021 1173 4087 sententiam
1200 4024 1341 4108 proferri,

198 4159 279 4224 quae
302 4140 335 4201 et
357 4134 525 4219 analogiae
546 4133 608 4197 fide
631 4136 663 4197 et
677 4133 939 4196 documentorum
961 4131 1128 4214 gravitate
1152 4135 1275 4200 dudum
1295 4155 1342 4198 no

201 4249 248 4312 bis
277 4248 319 4310 sit
339 4266 503 4329 persuasa.
557 4242 654 4307 Enim
682 4264 756 4306 vero
783 4242 910 4306 illorum
938 4240 1003 4303 vim
1032 4247 1258 4327 exemplorum
1284 4267 1343 4310 nou

96 4426 98 4431 ,
200 4356 340 4424 conabor
367 4355 512 4440 equidem
534 4353 654 4418 diluere
677 4352 891 4436 emendand03
918 4345 1116 4436 quamquam
1145 4356 1236 4423 enim
1258 4355 1345 4442 priori
