2946 5010
386 312 570 360 narcara
595 301 739 358 ‘nuria’
763 312 865 359 varus
889 310 1020 359 norrun.
1210 293 1269 357 381

132 466 240 554 [immo
275 466 370 529 nihili
404 467 534 530 nomine
566 467 702 530 barbaro
735 458 905 530 liberatum
934 470 1127 546 Lysidumom
1156 464 1271 547 potius]

131 578 332 643 Cleostratae
355 578 504 640 maritum
527 578 598 660 quis
621 577 751 640 tandem
776 577 838 639 sibi
861 575 1052 658 persuadeat
1072 575 1165 638 istius
1187 574 1272 638 modi

129 689 332 752 atrocitatem
370 687 504 751 cadere?
554 686 659 751 Servis
693 687 773 750 talia
801 687 846 750 eri
874 687 1093 771 imprecantur
1121 687 1194 749 irati
1224 685 1273 749 vel

131 799 276 863 conservi
300 802 333 863 et
354 799 501 881 lenones,
528 800 564 860 ut
585 798 620 861 in
642 798 720 880 ipsis
749 796 899 860 Pseuduli
922 796 1095 880 Militisque
1119 797 1272 877 versibus,

130 909 179 973 vel
201 910 235 972 in
259 909 379 974 Casina
402 907 450 990 II,
473 909 504 989 4,
528 907 585 970 2l:
624 921 655 971 ul
676 914 796 987 quidem
816 914 869 987 pol
885 928 998 987 pereas
1019 914 1161 972 cruciatu
1182 913 1270 982 molo,

131 1029 265 1103 atquae
289 1020 365 1083 alibi
389 1021 464 1082 sunt
486 1017 603 1080 similia
626 1021 786 1081 sescenta:
824 1017 1012 1082 maritorum
1035 1021 1084 1081 est
1105 1020 1216 1101 optare
1238 1018 1273 1080 in

130 1131 310 1212 comoedia,
346 1134 382 1193 ut
408 1132 510 1192 morte
540 1149 672 1191 uxorum
707 1128 903 1191 matrimonii
936 1108 1083 1191 molestia
1115 1127 1270 1191 leventur.

130 1241 229 1304 Recte
251 1239 312 1304 hoc
336 1240 491 1304 Gruterus
519 1239 697 1323 perspexit,
723 1238 774 1302 cui
796 1238 984 1302 incredibile
1007 1239 1110 1302 visum
1133 1239 1179 1301 ita
1201 1237 1271 1301 Sta-

129 1350 271 1414 linoncm
294 1351 396 1413 odisse
412 1371 542 1413 uxorem
561 1346 760 1433 '(extimescit
774 1348 884 1432 potius
896 1371 992 1432 quam
1008 1349 1099 1435 odit),
1124 1351 1159 1411 ut
1175 1349 1272 1412 etiam

130 1482 204 1523 curn
221 1464 345 1524 suamet
368 1460 548 1545 ignominia
564 1459 778 1522 excruciatam
794 1458 900 1522 vellet.
931 1458 1159 1523 Excruciatam
1175 1459 1273 1523 vero?

129 1571 227 1633 immo
258 1571 472 1648 combustam,
504 1570 585 1633 miro
617 1570 712 1634 etiarn
742 1569 890 1652 supplicii
919 1592 1046 1655 genere.
1098 1569 1182 1634 Nam
1218 1570 1273 1655 (ne

129 1681 200 1763 quis
217 1681 315 1765 erret)
339 1683 496 1744 mortuam
512 1680 639 1764 quidem
654 1701 719 1743 non
735 1681 839 1743 minus
857 1682 1018 1745 commode
1040 1685 1168 1765 poterat
1191 1703 1273 1744 com-

132 1792 261 1855 bustam
284 1790 330 1876 (h.
348 1813 374 1854 e.
400 1797 557 1855 ardenam
579 1803 671 1854 carra
687 1792 823 1875 portam)
846 1814 942 1875 quam
965 1792 1123 1876 sepultam
1147 1793 1196 1856 vel
1217 1791 1274 1855 hu-

130 1906 252 1965 matam
282 1900 437 1965 Chalinus
474 1902 594 1965 dicere:
628 1902 730 1984 quode
758 1901 829 1966 vide
862 1901 997 1966 Beckeri
1025 1903 1273 1986 disputationem

131 2011 216 2075 Galli
239 2014 264 2074 t.
281 2011 312 2073 ΙΙ
336 2034 367 2095 p.
385 2012 442 2075 29]
470 2034 538 2095 sqq.
565 2011 625 2097 [Ill
647 2033 679 2094 p.
696 2012 758 2075 368
774 2034 842 2095 sqq.
860 2013 908 2076 ed.
926 2012 1012 2099 tert]
1038 2013 1108 2077 coll.
1134 2014 1274 2078 eiusdem

130 2121 278 2186 Charicle
312 2125 335 2184 t.
359 2121 391 2184 ll
414 2145 445 2204 p.
473 2121 530 2185 181
555 2144 623 2205 sqq.
660 2119 719 2207 [Ill
748 2144 780 2205 p.
805 2123 844 2186 97
868 2145 936 2206 sqq.
973 2122 1021 2186 ed.
1052 2123 1134 2208 alti.
1185 2124 1273 2187 Idem

129 2236 236 2295 autem
260 2231 314 2295 ille
337 2230 463 2295 Stalino
486 2254 556 2295 curn
579 2232 613 2294 in
636 2231 847 2296 Cleostratam
869 2232 948 2296 haec
971 2232 1050 2296 dicit
1078 2232 1128 2315 II,
1152 2234 1190 2314 ὃ,
1218 2234 1272 2296 18:

127 2349 235 2423 edepol
261 2364 298 2406 ne
325 2363 380 2421 eqo
407 2348 491 2405 illam
519 2348 647 2406 medium
677 2348 832 2421 diruptum
855 2349 958 2420 velim,
993 2364 1035 2405 ne
1062 2341 1116 2405 hic
1145 2341 1272 2425 quidem

128 2454 300 2537 quicquam
324 2456 457 2536 exoptat
483 2456 609 2535 praeter
631 2452 731 2516 solam
753 2431 905 2534 mortem,
936 2451 1144 2515 atrocioribus
1169 2453 1272 2515 verbis

128 2585 203 2626 usus
236 2566 367 2646 propter
401 2583 624 2646 praegressum
658 2562 859 2646 Olympionis
892 2583 1085 2625 sermonem:
1123 2585 1204 2627 nunc
1241 2571 1272 2626 in

124 2677 278 2750 fermento
306 2684 411 2750 torcat,
445 2680 489 2738 ita
517 2685 618 2752 turpet
644 2678 725 2737 mibi.
771 2671 841 2738 Nisi
871 2676 1016 2756 praestat
1042 2673 1141 2736 iocari
1169 2673 1273 2756 magis

130 2806 202 2847 eum
227 2784 354 2847 credere
376 2805 472 2867 quam
494 2783 575 2847 serio
598 2785 694 2867 loqui.

213 2892 261 2957 Eo
283 2894 487 2977 pervenimus
501 2894 722 2958 ratiocinando
744 2897 790 2976 ut,
816 2915 888 2959 oum
902 2895 1025 2958 nullam
1041 2915 1109 2958 esse
1126 2896 1273 2961 idoneam

129 3005 286 3068 rationem
308 3004 569 3085 intellexerimus,
594 3027 656 3088 qua
678 3008 790 3088 portae
812 3006 929 3069 Metiae
958 3006 992 3069 in
1014 3004 1132 3072 Casina
1153 3008 1274 3070 mentio

129 3113 332 3198 expediatur,
362 3115 400 3178 de
430 3138 467 3178 ea
495 3117 625 3178 omnino
653 3115 799 3179 dubitare
825 3116 1026 3199 incipiamus.
1072 3117 1115 3179 Et
1137 3117 1274 3201 praeivit

130 3247 200 3288 eam
223 3224 456 3288 dubitationem
478 3223 616 3309 diligens
640 3226 777 3308 scriptor
792 3224 942 3289 Sachsius
965 3227 999 3289 in
1014 3226 1099 3290 Hist.
1117 3231 1150 3290 et
1171 3228 1271 3291 deser.

129 3336 217 3399 urbis
239 3334 359 3398 Romae
391 3334 406 3397 l
437 3357 468 3417 p.
489 3335 548 3397 194
570 3357 616 3417 sq.
643 3334 715 3398 221.
750 3334 811 3410 Qui
835 3358 906 3401 cum
928 3336 967 3399 de
988 3337 1127 3401 nominis
1149 3338 1273 3401 ratione

129 3445 230 3530 deque
258 3446 322 3508 situ
349 3445 457 3509 omnia
485 3466 553 3508 esse
581 3444 719 3527 incerta,
749 3444 845 3510 immo
874 3445 1088 3512 incertissima
1116 3449 1184 3514 iure
1218 3471 1273 3512 suo

128 3556 256 3638 dixerit,
279 3577 345 3619 non
367 3555 505 3619 debebat
526 3558 635 3619 tamen
658 3556 721 3619 ullo
743 3557 836 3620 modo
858 3558 896 3621 de
923 3580 1038 3642 graeco
1061 3560 1204 3643 exemplo
1227 3559 1273 3623 fa-

128 3666 223 3730 bulae
245 3665 415 3730 Plautinae
440 3665 597 3750 cogitare,
622 3667 705 3750 quod
728 3667 825 3732 etiam
846 3669 882 3731 in
904 3669 1082 3732 calatinus
1104 3673 1199 3753 poeta
1222 3690 1272 3731 ex-

129 3778 308 3860 pressisset,
331 3779 368 3839 ut
392 3797 508 3860 graeco
530 3777 660 3840 nomine
681 3799 815 3862 graecae
831 3778 918 3842 urbis
936 3783 1061 3862 portam
1084 3778 1272 3863 appellaret.

130 3888 213 3951 Nam
236 3886 335 3950 habet
356 3886 708 3969 p1·0fect0Graecorum
730 3889 787 3952 illa
801 3889 939 3953 imitatio
960 3911 1032 3954 suos
1054 3889 1135 3953 fines
1158 3912 1272 3976 eosque
1294 3906 1342 3957 vm

128 4000 179 4061 sat
202 4001 321 4080 certos3
344 4018 383 4061 ac
404 3997 575 4081 pervellem
598 3999 771 4064 indicasset
786 4000 839 4064 ille
862 4021 932 4062 eam
954 4003 1080 4084 portam
1102 4000 1272 4066 Athena-

127 4131 220 4192 rurn,
246 4108 335 4172 cuius
350 4130 468 4172 nomen
491 4132 509 4172 a
532 4109 647 4173 Plauto
673 4113 832 4175 servatum
858 4114 1008 4195 nugatur.
1039 4109 1174 4176 Prorsus
1197 4115 1273 4178 orni-

126 4223 242 4283 serunt
268 4218 400 4283 Metiam
432 4223 573 4304 portam,
608 4223 662 4305 qui
697 4226 771 4305 post
803 4221 969 4287 Saehsium
1002 4223 1153 4306 antiquae
1176 4219 1272 4289 Vrbis

125 4330 305 4413 imaginem
320 4330 415 4412 pictis
430 4330 547 4393 tabulis
563 4334 853 4417 repraesentarunt,
879 4356 949 4398 curn
963 4334 1017 4398 alii
1037 4337 1105 4399 tum
1126 4336 1163 4397 ut
1180 4335 1272 4399 audio
