2946 5010
724 1059 822 1174 IX.

300 1268 356 1365 bc
386 1273 603 1387 argumento
635 1267 840 1360 acrosticis
872 1264 994 1358 illitis
1024 1263 1241 1382 gloriosi.*)

701 1492 850 1500 --—-

151 1664 181 1712 ιιι
286 1644 396 1729 Digna
411 1647 461 1707 est
482 1641 637 1727 profecto,
662 1664 742 1725 quae
757 1644 830 1723 post
850 1639 1002 1704 leviorem
1017 1640 1158 1704 virorum
1181 1641 1353 1706 doctorum

201 1777 332 1841 operam
354 1753 502 1818 subtilius
536 1756 764 1837 pertractetur,
789 1751 975 1835 neutiquam
998 1751 1089 1815 exilis
1112 1754 1261 1835 quaestio
1283 1752 1351 1833 illa,

201 1887 283 1950 cquae
317 1869 366 1928 est
398 1865 437 1929 de
470 1867 798 1947 argumentorum
819 1860 1025 1925 Plautinis
1058 1862 1211 1926 fabulis
1241 1884 1354 1947 prae·
1440 1891 1443 1898 f

159 1996 164 2005 ’
202 1978 412 2039 missorum
445 1977 551 2038 aetate
581 1979 614 2038 et
635 1972 827 2058 origine.**)
871 1971 959 2047 Quae
981 1971 1115 2036 suerunt
1135 1973 1190 2057 qui
1213 1973 1266 2037 vel
1288 1974 1353 2057 ipsi

201 2086 318 2151 Plauto
340 2085 391 2150 vel
413 2084 553 2148 Varroni
575 2084 625 2147 vel
662 2084 689 2147 si
713 2084 764 2148 cui
786 2083 841 2147 alii
870 2104 908 2146 ex
931 2082 1166 2167 antiquioribus
1188 2105 1258 2147 non
1282 2083 1353 2147 sinc

203 2244 404 2254 *-

269 2327 294 2393 *)
331 2324 516 2394 [Prooemium
539 2322 640 2376 Indicis
669 2321 825 2376 scholarum
855 2321 1034 2376 hibernarum
1063 2321 1256 2375 Bonnensium
1286 2339 1352 2376 mm.

203 2418 423 2474 CIOIOCCCXLI
441 2420 470 2472 ct
487 2416 580 2486 XLII.]

269 2515 311 2582 **)
335 2510 613 2581 [Eins'quaestiouis,
637 2509 673 2564 ad
691 2526 775 2577 qnam
792 2509 845 2562 hoc
862 2508 922 2578 ipso
939 2507 1083 2578 prooemio
1101 2509 1177 2562 volui
1194 2508 1271 2563 viam
1290 2527 1351 2563 mu·

202 2606 264 2673 uiri,
278 2623 386 2660 summa
399 2605 492 2675 capita
504 2603 600 2674 paucis
614 2603 774 2673 complexus
787 2621 848 2656 sum
860 2602 1082 2671 Prolegomenon
1094 2620 1120 2672 p.
1137 2601 1269 2656 CCCXVI
1280 2620 1353 2673 sqq,

203 2700 250 2754 ubi
270 2701 298 2754 et
316 2699 473 2753 acrosticha
490 2700 657 2766 argumenta
679 2698 707 2750 et
724 2713 780 2750 uon
798 2696 953 2750 acroaticha
970 2696 1173 2749 Antoninorum
1191 2698 1283 2750 aetati
1301 2697 1353 2750 tri·

203 2793 251 2846 bui
269 2809 320 2846 nec
342 2791 522 2862 improbabili
545 2793 576 2845 ut
597 2793 666 2861 puto
689 2790 848 2844 coniectura
869 2790 1008 2860 posterius
1030 2806 1118 2858 genus
1140 2789 1176 2844 ad
1195 2789 1353 2860 Sulpicium

203 2886 393 2954 Apollinarem
410 2885 513 2939 rettuli.
539 2887 579 2938 Ac
598 2884 632 2937 de
649 2884 692 2938 his
710 2883 822 2951 quidem
839 2901 921 2938 nemo
940 2884 1014 2953 quod
1032 2883 1118 2937 sciam
1136 2889 1236 2938 contra
1253 2885 1353 2950 sensit;

203 2979 421 3033 acrostichorum
435 2980 527 3032 autem
540 2995 596 3033 non
609 2979 732 3031 aetatem
745 2979 854 3031 tantum
865 2977 949 3046 longe
962 2977 1148 3047 antiquiorem
1161 2977 1294 3047 probare,
1304 2979 1354 3032 sed

202 3070 293 3141 ipsum
312 3072 477 3141 scriptorem
500 3074 656 3126 monstrare
674 3087 754 3141 posse
776 3072 949 3126 Aurelium
967 3071 1046 3124 illuni
1064 3070 1231 3140 Opillium
1255 3075 1353 3139 (quern

203 3182 252 3218 suo
275 3165 388 3219 invento
412 3167 570 3222 Aurellium
594 3164 701 3232 scribit)
725 3164 850 3219 Osannus
873 3165 925 3218 sibi
947 3164 1022 3219 visus
1044 3166 1087 3218 est
1111 3164 1140 3218 in
1158 3164 1274 3219 Diurnis
1302 3183 1353 3221 an·

202 3259 252 3326 tiq.
277 3259 349 3313 stud.
374 3277 398 3313 a.
420 3265 484 3312 1849
510 3277 538 3328 p.
561 3265 608 3313 193
631 3276 704 3326 sqq:
735 3258 811 3313 cuius
832 3258 928 3312 iudicii
949 3259 1036 3329 priori
1058 3259 1158 3312 saltem
1186 3259 1266 3329 parti
1290 3279 1354 3314 cum

204 3352 250 3406 alii
269 3354 444 3407 accesserunt
460 3353 520 3405 tum
538 3352 730 3406 Fleckeisenus
748 3369 825 3407 meus
842 3352 992 3406 Annalium
1010 3369 1121 3406 suorum
1133 3353 1153 3406 t.
1168 3358 1202 3407 93
1222 3353 1354 3440 (91866)

202 3464 229 3516 p.
244 3453 267 3501 9.
298 3446 390 3500 Meam
408 3450 501 3500 autem
514 3445 731 3515 disputationem
749 3446 826 3499 illam
845 3463 907 3499 curn
926 3446 1008 3500 hodia
1026 3447 1189 3515 intellegam
1207 3465 1277 3502 sane
1297 3440 1355 3502 non

202 3540 243 3593 ita
260 3540 327 3594 satis
345 3541 445 3605 facere,
464 3540 530 3608 quin
548 3539 626 3593 novis
643 3539 716 3593 curis
733 3539 884 3594 retexenda
902 3539 1030 3594 videatur
1042 3541 1070 3594 et
1088 3543 1236 3609 tamquam
1256 3543 1292 3596 de
1312 3543 1354 3597 in·

202 3637 283 3702 tegre
301 3632 472 3687 instituenda
490 3633 530 3701 (id
548 3633 622 3702 quod
639 3639 697 3703 per*
710 3633 790 3687 huius
807 3633 860 3687 loci
879 3633 1023 3702 angustias
1045 3633 1106 3688 fieri
1123 3651 1178 3688 non
1197 3654 1283 3705 posse
1304 3656 1353 3708 ap·

202 3729 303 3796 paret),
322 3728 417 3781 tamen
435 3727 562 3781 Osannus
581 3727 693 3795 quidem
711 3726 874 3782 incredibile
893 3727 968 3781 dictu
987 3729 1029 3781 est
1047 3734 1180 3796 quantam
1201 3730 1278 3784 etin
1298 3749 1356 3786 me-

202 3820 272 3874 trico
299 3837 402 3889 genere
426 3820 553 3875 universo
576 3822 634 3874 sive
657 3820 826 3890 imperitiam
849 3821 906 3874 sive
924 3820 1066 3889 ignaviam
1085 3823 1114 3875 et
1131 3820 1158 3874 in
1177 3823 1355 3891 antiquitate

202 3913 313 3981 linguae
331 3914 479 3968 iudicanda
497 3914 687 3983 ignorantiam
706 3917 734 3968 et
751 3914 780 3968 in
799 3914 913 3984 singulis
937 3914 1116 3969 discutiendis
1134 3914 1355 3985 incogitantiam

202 4007 369 4074 prodiderit:
393 4026 408 4062 e
428 4008 503 4061 cuius
521 4008 647 4078 exemplo
666 4008 710 4061 vel
727 4008 767 4060 illi
786 4008 890 4062 discere
909 4009 997 4062 multa
1014 4009 1195 4077 multumque·
1207 4018 1355 4081 poterunt,

202 4100 249 4165 qui
268 4100 384 4153 cuiusvis
408 4101 536 4156 licentiae
560 4102 773 4169 emaculandae,
802 4102 918 4156 cuiusvis
945 4103 1015 4156 adeo
1038 4103 1170 4157 scabritie
1188 4106 1356 4176 palpandae

202 4191 284 4245 hodie
309 4211 436 4247 suasores
461 4195 628 4249 exstiterunt
655 4195 792 4262 ducesque
816 4198 845 4249 ct
862 4195 1011 4265 magistros
1029 4213 1090 4250 sese
1108 4197 1209 4252 haberi
1227 4202 1354 4257 student.

202 4282 285 4336 Velut
298 4286 359 4351 quis
371 4303 426 4339 nou
440 4287 592 4342 demiretur
605 4290 766 4347 Pseudolus
779 4292 898 4343 sormam
915 4305 967 4359 pro
980 4307 1014 4343 eri
1032 4307 1103 4357 quae
1123 4294 1199 4345 osset
1216 4296 1356 4354 Pseudu-
