2946 5010
231 347 295 411 390
328 350 330 353 ’
453 326 462 332 ’
516 362 756 422 ovansmonns
780 360 1085 409 roeoomemcra.

231 516 392 581 luvenalis
419 537 546 579 versum
573 538 642 580 esse
674 517 701 599 1,
729 516 789 581 105
817 537 890 580 vere
919 512 1079 580 Beckerus
1110 517 1285 600 perspexit.
1331 519 1371 581 At

233 650 305 691 rero
333 650 398 691 non
412 627 532 690 -minus
559 628 704 709 profecto
727 626 903 691 solitariam
926 630 1047 710 septem
1071 649 1140 691 esse
1167 627 1371 693 tabernarum

230 739 426 802 mentionem
449 738 680 802 recordandum
703 741 766 802 est:
801 759 880 822 quas
904 760 975 802 cum
996 759 1088 819 saepe
1110 760 1182 803 curn
1204 748 1291 805 novis
1313 763 1372 804 una

230 849 399 912 memorari
422 848 629 933 Visseringus
652 848 749 931 dixit,
779 848 812 912 id
834 869 896 932 quo
918 870 1070 933 sponsore
1093 849 1211 914 dixerit
1241 851 1311 934 ipse
1333 851 1373 915 vi-

230 959 322 1024 derit.
368 959 438 1024 Hoc
466 960 568 1042 igitur
596 958 623 1022 si
645 959 735 1022 Livio
759 958 930 1041 oredimuS,
962 982 1018 1023 our
1044 982 1109 1024 non
1138 959 1219 1025 illud
1242 970 1372 1047 quoquc,

176 1087 211 1134 vll
232 1069 339 1154 aliquo
371 1073 444 1153 post
475 1070 672 1133 instauratas
706 1072 827 1154 septem
857 1072 1000 1153 tempore
1031 1070 1238 1135 imminutum
1273 1072 1375 1156 aliquo

232 1202 308 1244 casu
330 1202 499 1244 numerum
521 1180 555 1243 in
580 1200 692 1243 caussa
714 1180 813 1244 fuisse
835 1181 978 1244 mutatae
999 1180 1249 1264 appellationis?
1277 1182 1375 1258 Quam

232 1293 267 1355 ut
296 1290 350 1355 hic
375 1292 638 1359 commemoraret
661 1290 813 1375 scriptor,
839 1312 875 1354 eo
898 1292 967 1375 ipso
989 1295 1094 1356 motus
1117 1296 1176 1375 est,
1201 1293 1287 1377 quod
1310 1315 1376 1357 aus·

232 1403 323 1466 tralis
352 1403 452 1485 partis
479 1401 631 1465 tabernas
654 1424 673 1465 a
701 1423 834 1465 numero
861 1403 956 1465 ducto
978 1403 1108 1467 nomine
1129 1416 1259 1486 septem,
1284 1426 1376 1487 quarn

233 1538 252 1578 a
274 1517 417 1596 tempore
439 1515 534 1576 ducto
556 1522 669 1599 veteres
691 1512 796 1576 dicere
810 1512 976 1594 maluerat,
1001 1514 1151 1598 incoque
1167 1537 1262 1598 quem
1283 1515 1377 1579 semel

233 1625 397 1689 institerat
419 1646 513 1688 cursu
535 1646 669 1709 pergere
695 1623 796 1687 satius
823 1623 923 1687 duxit.
952 1623 1024 1687 Nisi
1046 1625 1130 1688 forte
1153 1647 1230 1708 pars
1251 1628 1378 1690 tantum

234 1739 376 1799 veterum
405 1739 528 1819 septem
555 1735 709 1799 tabernae
736 1734 882 1832 fuerunt,
915 1737 947 1796 et
976 1734 1015 1798 ad
1043 1734 1101 1798 has
1125 1735 1221 1818 solas,
1245 1759 1314 1801 non
1341 1737 1379 1800 ad

219 1848 356 1910 meteres
386 1845 551 1908 universas
584 1845 768 1909 incendium
801 1844 1000 1927 pertinebat:
1034 1867 1115 1928 quae
1143 1844 1280 1911 Beckeri
1314 1871 1378 1912 esse

235 1956 396 2019 sententia
424 1955 558 2019 videtur.
612 1954 672 2020 Sed
700 1978 741 2019 ne
768 1977 826 2039 per
853 1977 886 2019 se
914 1955 1040 2038 quidem
1063 1945 1269 2022 artificiosius
1304 1958 1377 2022 illud

235 2065 352 2129 Mureti
376 2069 590 2129 commentum
605 2065 732 2148 probari
749 2069 864 2148 potest.
894 2065 979 2130 Nam
994 2067 1133 2150 primum
1154 2067 1190 2130 in
1213 2070 1380 2154 antiquo

234 2177 316 2268 libro
339 2188 394 2240 cel.
419 2176 468 2240 vel
501 2185 583 2239 VET.
608 2176 714 2259 potius
737 2177 891 2260 scriptum
913 2176 1011 2240 fuisse
1034 2199 1092 2261 pro
1114 2189 1240 2261 veteres,
1270 2179 1302 2243 id
1325 2180 1380 2244 mi·

235 2288 321 2351 nime
350 2287 501 2352 credibile
528 2290 594 2369 est,
631 2287 686 2350 sed
709 2287 792 2370 quod
815 2287 951 2351 sciamus
974 2309 1103 2371 prorsus
1125 2292 1255 2372 praeter
1279 2313 1380 2355 exem-

236 2399 334 2482 plum.
365 2398 412 2462 De
429 2420 465 2461 eo
488 2398 574 2461 enim
596 2397 719 2460 fallitur
735 2395 944 2483 Beckcrus*),
969 2398 1051 2481 quod
1073 2401 1240 2483 tamquam
1264 2401 1380 2465 Mureti

237 2511 333 2573 verba
354 2509 434 2573 haec
456 2508 578 2592 posuit:
601 2513 691 2572 babet
712 2514 789 2571 enim
806 2516 949 2588 oritiqrrus
970 2514 1055 2592 liber,
1080 2510 1200 2593 quain
1223 2532 1259 2574 re
1277 2511 1382 2574 fraudi

237 2622 266 2684 ci
304 2620 367 2684 fuit
398 2618 727 2683 Drakenborchianae
760 2618 908 2682 editionis
941 2619 1084 2683 vitium:¹
1109 2641 1186 2683 nam
1227 2621 1269 2684 ab
1313 2622 1382 2706 ipso

237 2731 363 2794 Mureto
385 2731 540 2813 scriptum
563 2734 612 2793 est
633 2734 775 2809 habebar,
809 2751 869 2793 uec
902 2731 929 2794 is
952 2731 990 2794 dc
1014 2733 1100 2793 certo
1122 2730 1221 2812 libro,
1257 2733 1291 2795 in
1320 2754 1382 2816 quo

238 2841 315 2937 illud
332 2862 365 2903 re
381 2862 455 2903 vera
471 2840 640 2922 exstiterit,
662 2839 834 2903 ullomodo
851 2840 1015 2924 cogitavit.
1046 2840 1107 2905 Sed
1124 2841 1185 2905 hoc
1200 2845 1237 2905 ut
1255 2841 1382 2907 demus:

238 2950 316 3014 illud
349 2950 417 3013 fieri
451 2950 591 3036 potuisse
622 2950 830 3033 pertinaciter
862 2971 1028 3034 negamus,
1062 2954 1098 3014 ut
1123 2951 1170 3015 sic
1193 2952 1382 3035 variaretur,

239 3060 326 3123 nullo
360 3060 486 3144 quidem
519 3060 698 3124 sentcntiae
721 3043 915 3143 discrimine,
939 3062 1055 3124 oratio:
1078 3083 1157 3140 quoe
1177 3075 1314 3142 postea
1336 3087 1382 3128 oc-

240 3182 326 3247 iores
352 3207 393 3217 -
415 3193 493 3250 quac
514 3192 609 3235 nitrio
631 3193 726 3236 novae
748 3178 951 3251 appellantur.
998 3170 1068 3235 Nisi
1094 3173 1178 3236 forte
1201 3172 1385 3258 elegantiae

241 3283 298 3364 est,
323 3280 494 3344 variandae
516 3283 670 3345 orationis
704 3304 816 3345 caussa
839 3285 979 3345 evertere
1001 3285 1122 3345 rectam
1145 3285 1178 3346 et
1205 3283 1384 3367 simplicem

241 3391 404 3477 cogitandi
426 3391 594 3455 rationem.
624 3393 726 3467 Quam
741 3392 869 3477 quidem
884 3395 940 3455 aut
955 3414 1035 3456 aune
1050 3395 1106 3455 aut
1123 3407 1233 3474 postea
1250 3398 1386 3480 utroque

240 3506 309 3567 loco
331 3501 491 3585 requirere
513 3503 677 3585 fatebitur,
701 3504 754 3587 qui
777 3503 916 3567 noluisse
933 3502 1058 3567 Livium
1081 3503 1207 3588 aliquod
1229 3506 1387 3589 temporis

240 3611 445 3678 intervallum
483 3611 590 3676 dedita
630 3634 726 3696 opera
760 3614 943 3698 significare
975 3614 1183 3678 concesserit:
1230 3616 1388 3680 concedet

308 3931 334 3998 *l
357 3929 435 3983 Idem
458 3945 528 3996 quac
552 3916 671 3982 subiecit
692 3929 787 3982 adnot.
811 3946 839 3997 p.
858 3934 921 3983 297:
952 3932 1020 3987 dass
1039 3932 1081 3986 sie
1100 3928 1220 3997 (septem
1239 3929 1390 3998 tabernae)

241 4025 310 4080 oter
328 4024 387 4091 aus
400 4026 452 4080 der
469 4023 545 4080 Scite
563 4025 616 4080 der
634 4024 731 4080 Novae
748 4025 863 4091 pelopen
881 4024 973 4079 baben
991 4024 1106 4088 selden,
1124 4026 1162 4079 ist
1179 4024 1275 4081 duret
1296 4028 1392 4084 uictis

241 4119 394 4182 erwiescn,
418 4121 457 4185 ja
482 4118 559 4173 nicht
579 4117 686 4174 ciamal
706 4117 945 4173 watersclrcinlict
965 4134 987 4170 e.
1008 4132 1034 4182 q.
1055 4134 1086 4182 s,
1109 4116 1255 4183 haecque
1274 4118 1391 4173 triadem

242 4211 368 4277 spectaro
387 4208 516 4274 voluerit,
539 4226 652 4278 prorsus
675 4226 724 4262 nos
746 4210 844 4276 fugere
863 4211 990 4265 latemur.
1027 4207 1099 4262 Nam
1117 4208 1198 4275 illud,
1217 4211 1296 4276 quod
1315 4212 1392 4267 dein·

243 4316 308 4367 ceps
326 4300 450 4368 pluribus
469 4302 624 4371 impugnat,
643 4319 694 4356 nec
706 4302 831 4356 Muretus
849 4295 949 4355 statuit
967 4311 1017 4349 ncc
1036 4309 1172 4362 quantum
1191 4304 1296 4358 scimus
1315 4307 1392 4374 quis·

244 4406 327 4456 quam
344 4392 422 4446 alius,
