2910 5002
402 390 448 437 nn
471 389 643 438 rannams
665 390 749 439 rom
770 391 917 439 nonum.
1165 376 1226 440 391

85 536 192 608 autem
225 543 302 624 hoo,
337 543 571 627 quitationem
594 544 867 608 omninonullam
889 545 964 609 talis
988 544 1111 610 consilii
1134 568 1228 630 posse

85 654 221 739 cogitari
243 655 450 738 reputaverit.

170 764 319 850 Sequitur
351 768 402 847 ut,
437 764 590 849 quando
622 765 794 830 invaluerit
831 769 975 830 veterum
1011 787 1227 850 novarumque

84 876 273 961 appellatio,
307 875 489 960 indagetur.
536 875 584 939 De
617 899 680 961 quo
702 876 940 960 perversissime
961 875 1125 941 Nardinus
1146 877 1226 941 iudi-

85 988 189 1070 cabat,
223 987 287 1051 iam
319 1008 339 1049 a
361 985 623 1050 Drakenborchio
655 988 696 1050 ob
728 987 761 1051 id
794 987 1016 1070 reprehensus,
1043 987 1125 1050 nihil
1148 987 1227 1051 dicit

85 1097 256 1180 Beckerus,
280 1094 449 1161 Bunsenus
472 1100 579 1161 autern
602 1119 632 1180 p.
657 1097 697 1161 27
721 1097 841 1181 aliquid
863 1098 1004 1162 decrevit
1030 1097 1114 1180 quod
1137 1097 1225 1161 etin

32 1187 41 1209 ⁹
84 1208 268 1273 coniectura
296 1207 434 1291 positum
463 1209 512 1271 cst
540 1208 641 1270 toturn
664 1210 696 1270 et
721 1230 758 1271 ea
781 1231 823 1272 ne
844 1230 901 1291 per
923 1229 956 1272 se
979 1207 1106 1291 quidem
1129 1229 1225 1291 appo-

83 1319 146 1383 sita
167 1320 208 1383 ad
230 1317 494 1402 persuadendum.
540 1318 663 1401 Quippe
686 1340 840 1383 novarum
857 1341 973 1383 nomen
995 1317 1133 1394 inditum
1156 1339 1224 1381 esse

82 1428 386 1513 septentrionalibus
408 1428 568 1509 tabernis,
602 1429 687 1511 quod
708 1428 779 1511 hae,
804 1451 876 1492 oum
898 1429 937 1493 ad
960 1427 1155 1492 amoliendas
1178 1428 1223 1491 la-

83 1540 195 1604 nienas
218 1537 431 1622 accederetur,
455 1538 544 1622 prius
565 1542 674 1603 essent
695 1540 730 1603 in
746 1539 947 1623 argentarias
962 1541 1105 1603 mutatae
1128 1561 1224 1623 quam

82 1649 255 1715 australes:
283 1653 320 1713 ut
341 1671 398 1733 per
420 1649 547 1733 aliquod
568 1650 721 1734 temporis
744 1650 893 1734 spatium,
918 1648 1104 1714 Bunsenum
1127 1649 1153 1712 si
1176 1671 1223 1712 se-

81 1783 225 1846 quamur,
260 1760 462 1845 argentarias
484 1761 584 1843 partis
622 1760 772 1824 sinistrae
808 1763 845 1824 ut
881 1783 979 1824 novas
1016 1759 1224 1843 opposuerint

81 1872 219 1936 lanienis
247 1871 377 1935 dextrae
405 1871 506 1955 partis
536 1874 573 1935 ut
593 1871 770 1954 veteribus,
799 1893 870 1935 eam
898 1874 1004 1934 autem
1038 1868 1222 1953 appellandi

82 1982 343 2047 consuetudinem
371 1981 531 2045 servarint
558 1982 655 2046 etiam
683 1981 841 2066 posthae
869 1983 990 2046 veteres
1020 1979 1222 2065 argentarias

80 2094 201 2175 factas,
230 2092 344 2176 quibus
373 2115 390 2156 e
418 2092 464 2156 rei
489 2092 625 2157 veritate
653 2113 808 2156 novarum
834 2114 952 2156 nomen
979 2113 1066 2155 nuno
1094 2091 1221 2174 quidem

80 2203 157 2287 ipsis
181 2204 385 2286 competeret.
418 2200 590 2266 Praeteriit
605 2201 802 2286 Bunsemnn,
826 2202 886 2267 hoc
908 2201 935 2265 si
958 2201 1004 2265 ita
1020 2222 1053 2263 se
1075 2200 1219 2282 haberet,

80 2336 146 2377 non
161 2313 207 2377 sic
221 2313 401 2377 locuturum
415 2312 515 2377 fuisse
530 2313 671 2376 Livium:
694 2334 773 2393 qaae
787 2333 882 2376 nune
898 2333 993 2377 novere
1008 2316 1220 2391 appellantur:

80 2424 234 2508 siquidem
265 2424 329 2486 iam
357 2426 436 2487 tunc
464 2424 575 2487 eadem
609 2423 768 2487 obtineret
797 2421 979 2505 appellatio.
1029 2419 1099 2485 Nec
1131 2444 1220 2505 prac-

79 2534 194 2598 sidium
215 2533 264 2597 illi
285 2533 429 2617 opinioni
451 2555 468 2596 e
490 2532 645 2597 Varronis
668 2533 706 2597 de
728 2533 841 2617 lingua
862 2531 918 2595 lat.
942 2530 989 2595 VI
1013 2535 1032 2611 §
1053 2531 1095 2596 59
1106 2554 1138 2615 p.
1157 2533 1218 2598 237

79 2622 133 2728 Sp.
152 2644 286 2708 accedit:
303 2644 358 2708 ubi
374 2644 434 2708 etsi
445 2655 648 2724 pervetustum
662 2643 779 2706 dicitur
793 2663 948 2706 novarum
964 2663 1090 2722 nomen,
1107 2646 1217 2707 tamen
1236 2656 1285 2705 vttt

78 2754 139 2819 boc
154 2758 186 2819 et
200 2776 258 2838 per
272 2777 305 2818 se
321 2776 387 2818 non
401 2755 506 2818 minus
522 2758 608 2818 recte
624 2753 658 2818 in
674 2753 769 2817 unius
783 2774 879 2836 quam
890 2752 926 2815 in
937 2752 1072 2815 duorum
1083 2752 1220 2817 triumve

79 2865 276 2929 saeculorum
298 2865 437 2949 spatium
454 2865 549 2947 cadit,
573 2864 673 2928 etita
695 2863 821 2946 dicitur,
845 2865 962 2926 utnon
977 2861 1143 2946 longitudo
1165 2886 1220 2947 po-

78 2949 237 3039 tissimum
264 2975 417 3059 temporis
448 2977 625 3059 spectetur,
661 2973 715 3039 sed
739 2973 900 3038 contraria
922 2973 970 3037 vis
1000 2972 1100 3056 ipsius
1127 2996 1220 3040 novus

78 3085 235 3149 notionis:
267 3090 341 3150 Sub
376 3092 483 3150 novis
514 3093 597 3150 dictu
624 3107 703 3166 pars
725 3092 756 3149 ia
776 3088 850 3161 furo
883 3089 1106 3164 aedificiorum,
1139 3091 1221 3164 quod

78 3202 255 3261 vocabulum
275 3193 316 3258 'er'
342 3207 561 3279 pervetustum,
596 3207 629 3260 ut
665 3200 792 3261 Novae
828 3202 925 3273 viue,
961 3216 1039 3274 euve
1071 3201 1121 3259 vta
1159 3202 1219 3258 tom

77 3313 131 3371 diu
161 3317 252 3371 vetus.
287 3305 351 3369 Vbi
379 3306 432 3369 vix
463 3306 534 3389 plus
558 3307 644 3370 valet
667 3317 886 3387 pervetustum,
916 3305 1062 3388 quamsi
1088 3304 1220 3369 dixisset

77 3438 156 3496 quae
181 3438 258 3496 pars
287 3422 346 3480 ium
369 3423 422 3481 diu
444 3428 535 3481 vetus.
564 3455 606 3464 -
636 3415 753 3491 Quodsi
777 3414 1048 3497 circumspicimus
1080 3417 1217 3497 tempuS,

77 3549 139 3611 quo
161 3548 227 3591 non
249 3530 401 3611 utraeque
423 3527 519 3590 simul
541 3527 693 3590 tabernae
716 3528 890 3607 exstarent,
919 3525 966 3588 ita
989 3527 1026 3588 ut
1055 3524 1218 3609 aliquanto

76 3641 150 3721 post
171 3638 240 3701 inre
262 3640 393 3721 possent
415 3633 534 3701 alterae
557 3637 665 3701 alteris
687 3629 880 3701 recentiores
896 3635 976 3698 dici:
998 3635 1077 3699 satis
1099 3634 1218 3698 indicio

77 3770 145 3812 esse
178 3747 249 3830 ipsa
271 3747 352 3818 Livii
384 3747 536 3811 memoria
559 3747 698 3830 videtur,
722 3747 797 3831 quid
819 3746 950 3810 sitnon
972 3744 1123 3809 mediocri
1146 3767 1218 3808 oum
1256 3792 1257 3795 η

77 3856 303 3941 probabilitate
336 3857 604 3942 amplectendum.
659 3856 790 3921 Etenim
817 3855 871 3920 ille
910 3877 981 3919 cunr
1007 3853 1143 3929 XXVII,
1179 3855 1214 3917 11

76 3967 272 4051 planissimis
295 3967 399 4032 verbis
422 3971 531 4031 narret
546 3991 574 4031 a.
591 3968 654 4033 545
678 3977 789 4047 septem
811 3971 963 4047 tabernas,
987 3986 1053 4028 non
1075 3970 1218 4029 tabernas

76 4078 247 4161 superioris
270 4078 348 4142 anni
363 4077 511 4142 incendio
526 4077 658 4142 haustas
673 4077 822 4142 refecisse
838 4096 995 4158 censores,
1016 4074 1218 4158 consequitur

76 4188 220 4271 profecto
242 4189 503 4272 septentrionalis
526 4190 626 4272 partis
647 4189 798 4253 tabernas
813 4186 970 4271 posterius
985 4185 1112 4250 demum
1127 4185 1217 4249 resti-

76 4301 163 4362 tutas
197 4320 281 4380 esse,
314 4321 375 4363 nee
408 4300 576 4384 quicquam
609 4300 712 4385 magis
735 4320 804 4363 esse
827 4299 1077 4362 consentaneum
1099 4298 1215 4380 potest,

75 4430 172 4491 quarn
200 4408 241 4472 ab
263 4407 324 4474 hoc
344 4410 419 4474 inde
440 4413 583 4493 tempore
606 4432 795 4475 novarum
818 4408 956 4492 nornine,
980 4393 1118 4492 quaere
1142 4430 1216 4472 vera
