2946 5010
512 312 644 361 marris
667 312 846 362 enomosc
1188 299 1250 364 407

103 473 206 530 ocnire
233 470 414 530 amantibus.
461 465 607 550 Apparet
636 469 692 529 aut
713 473 797 532 coire
818 470 874 530 aut
895 475 1103 558 ¹corrrn’m'rce
1132 469 1251 554 glosse-

104 581 190 640 mate
212 580 325 640 ortum.
354 575 399 640 Et
420 585 503 642 coire
524 577 652 661 quidem
674 577 805 642 omnino
827 600 941 661 parum
962 578 1116 643 usitatum
1137 579 1252 646 Plauto

53 724 60 745 ι
102 688 293 752 vocabulum
322 690 388 751 e‘st:
426 688 466 752 ad
494 687 638 752 Plautini
675 692 782 753 autem
818 690 973 755 sermonis
1010 689 1252 755 similitudinem

102 799 216 863 horum
240 802 403 863 auctorem
426 803 688 885 argumentorum
706 799 815 863 dedita
829 821 927 884 opera
942 822 1010 865 sese
1025 801 1249 885 composuisse,

102 910 134 973 id
159 914 244 975 certe
267 915 358 975 extra
381 911 630 975 controversiam
651 911 790 993 positum
813 914 871 975 est.
917 910 1020 976 Semel
1046 914 1176 976 tantum
1196 912 1251 976 ille

103 1022 271 1106 usurpavit
293 1020 431 1094 Mostell.
455 1020 481 1104 Ι,
505 1022 537 1104 4,
565 1021 619 1085 14:

279 1166 350 1223 cave
372 1164 472 1235 modo,
495 1166 533 1221 ne
556 1163 639 1239 prius
662 1168 694 1222 ln
716 1164 766 1223 via
791 1163 956 1238 accumbas,

279 1269 369 1325 cluam
392 1249 446 1321 llli,
469 1248 521 1306 ubi
544 1248 640 1308 lectus
663 1254 709 1310 est
731 1251 852 1323 stretus,
875 1268 930 1309 nos
953 1251 1081 1310 coimus:

103 1382 145 1445 cf.
170 1379 351 1445 Hermanni
372 1379 543 1444 Elementa
564 1403 595 1464 p.
618 1381 696 1445 213:
718 1402 794 1444 nam
817 1379 903 1444 Men.
927 1379 967 1464 V,
992 1381 1023 1464 9,
1046 1381 1104 1445 46:

167 1524 304 1599 pessum:
328 1523 380 1582 sed
401 1541 481 1581 nunc
503 1521 585 1599 egite
607 1524 734 1599 uterque
756 1523 797 1595 id,
822 1522 903 1599 qued
924 1524 1049 1601 rogabo,
1073 1523 1165 1582 dicite

101 1655 186 1739 quod
208 1654 358 1739 vulgatur
379 1661 456 1719 coire
478 1675 536 1737 pro
559 1660 651 1736 cpite,
674 1653 707 1717 id
730 1674 747 1717 e
769 1653 836 1718 solo
851 1653 969 1718 Vetere
993 1654 1100 1719 codice
1121 1654 1250 1720 Gruteri

101 1788 198 1829 suasu
225 1768 390 1849 receptum
418 1768 466 1829 cst
495 1786 531 1828 eo
553 1764 749 1849 perversius,
779 1765 862 1849 quod
890 1786 909 1828 a
936 1765 1041 1849 prima
1066 1788 1166 1830 manu
1186 1767 1251 1830 fuit

100 1884 215 1959 cupite,
250 1880 362 1941 natum
395 1875 474 1939 illud
507 1896 524 1938 e
557 1875 701 1958 proximo
732 1898 833 1941 nunc.
879 1875 1017 1940 Accedit
1043 1877 1127 1961 quod
1148 1876 1249 1962 ipsius

104 1987 220 2051 Militis
242 1986 285 2070 ΙΙ,
311 1990 339 2070 1,
363 1986 403 2051 61
426 1985 546 2071 legitur

223 2174 227 2186 ,
266 2129 318 2206 qui
341 2129 469 2188 amentis
492 2147 551 2185 una
573 2128 653 2186 inter
675 2147 705 2186 se
728 2127 855 2195 facerem
878 2129 1078 2189 cenvenas.

99 2262 213 2345 Itaque
240 2260 266 2323 si
294 2266 376 2325 coire
404 2259 511 2342 potius
533 2281 629 2343 quam
650 2266 811 2323 corrucnire
832 2258 1009 2323 insiticium
1031 2259 1084 2343 sit,
1115 2260 1248 2324 eircum-

99 2370 300 2456 spiciendum
322 2369 442 2454 aliquid
464 2392 525 2454 quo
547 2370 642 2433 unius
658 2352 800 2454 syllabae
822 2369 938 2433 lacuna
959 2362 1135 2453 expleatur.
1166 2369 1247 2436 Con-

99 2483 246 2547 iunctum
268 2485 376 2546 autem
397 2479 458 2543 hoc
480 2501 548 2544 esse
570 2501 642 2544 cum
669 2501 777 2544 eorum
799 2479 854 2564 qui
880 2480 1077 2545 antecedunt
1098 2502 1247 2546 versuum
1279 2518 1281 2523 ·

99 2592 282 2677 corruptela
302 2591 349 2655 ita
361 2591 496 2674 videtur,
519 2594 554 2655 ut
575 2590 752 2655 communis
767 2590 1025 2654 membranarum
1047 2590 1136 2655 labes
1152 2613 1245 2676 quae·

98 2704 173 2768 dam
195 2704 236 2768 ad
258 2725 355 2766 unam
371 2702 566 2785 eandemque
588 2705 715 2785 partem
735 2700 833 2765 trium
848 2682 997 2766 versuum
1020 2703 1245 2767 continuorum

98 2814 300 2900 pertinuerit,
324 2814 356 2878 h.
381 2835 408 2877 e.
433 2813 473 2877 ad
495 2813 616 2880 medios
637 2813 706 2877 fere
728 2833 853 2877 versus:

262 2975 349 3015 suum
372 2955 535 3014 arcessit-
558 2993 576 3011 a
596 2928 762 3014 rAthenis
787 2958 817 3013 et
839 2954 920 3012 forat

261 3041 388 3118 geminis
412 3059 598 3099 communem
620 3065 637 3096 ι
657 3078 674 3095 υ
694 3041 841 3115 parietem
864 3039 1002 3113 aedibus,

262 3127 364 3184 liceret
385 3129 421 3184 ut
440 3165 457 3182 υ
474 3126 632 3184 cenvenire
654 3126 837 3185 amentibus.

96 3259 222 3324 Horum
257 3257 342 3322 enim
374 3257 477 3340 primo
511 3256 565 3341 qui
598 3255 680 3320 nihil
712 3259 880 3340 peccatum
902 3277 939 3320 eo
961 3242 1041 3340 loco,
1069 3278 1132 3341 quo
1154 3273 1276 3322 nuncv

94 3377 204 3435 lterum
226 3368 354 3454 legitur,
379 3367 591 3451 crediderunt,
615 3389 681 3431 non
703 3369 878 3451 potuerunt
899 3367 977 3452 quin
993 3371 1050 3432 aut
1071 3368 1261 3457 pessimum⁸

95 3483 132 3546 in
154 3480 268 3544 ultima
290 3478 412 3563 syllaba
437 3486 564 3543 arcessit
593 3478 683 3543 verbi
705 3481 875 3542 accentum
896 3477 1073 3543 tolerarent
1095 3482 1128 3542 et
1150 3478 1244 3541 simul

95 3594 170 3658 aliis
202 3589 361 3655 machinis
393 3593 561 3653 uterentur
593 3594 644 3653 sat
679 3588 964 3674 improbabilibus:
1004 3611 1067 3673 quo
1102 3588 1244 3672 pertinet

96 3702 330 3788 Scioppianum
353 3705 568 3765 commentum

286 3863 373 3902 suum
396 3845 518 3903 arcessit
540 3844 644 3901 herum
667 3841 796 3901 Athenis
820 3842 912 3916 etque
935 3839 1057 3911 ecferat,

93 3997 155 4062 pro
177 3996 241 4059 quo
263 3986 355 4053 utque
375 3980 445 4038 inde
467 3981 584 4053 afforet
605 3971 757 4057 Pylades,
792 3985 882 4051 atque
899 3973 1046 4051 perforat
1066 3968 1241 4033 Lambinus

92 4085 219 4173 posuit:
236 4088 305 4171 'aut
326 4083 530 4147 suavissimos
553 4082 659 4147 hercle
682 4083 789 4147 hiatus
813 4080 1025 4162 cumularent,
1048 4082 1085 4143 ut
1105 4078 1241 4144 Paenul-

92 4200 203 4278 fimus,
227 4179 283 4279 qui
304 4193 355 4257 his
378 4194 537 4258 amenas
559 4193 724 4257 blanditiis
747 4191 911 4257 demasic:

287 4354 373 4395 suum
396 4335 518 4395 arcessit
538 4335 643 4393 herum
664 4334 793 4394 Athenis
819 4336 911 4410 etque
934 4333 1049 4392 efferat.
