2946 5010
447 327 667 394 ,sumnoovm
690 328 877 376 ensvsms.
1173 315 1237 379 4³25

93 480 263 575 pristinem
301 501 401 560 necque
436 482 523 545 vocis
559 480 696 545 formam
732 484 870 567 primum
906 483 1101 548 Decurtatus
1138 487 1235 550 codex
1284 532 1286 534 -

93 592 217 676 Plauti,
251 591 348 676 plane
382 594 476 677 atque
508 592 628 676 liquido
655 594 810 677 scriptum
837 595 975 678 prodens
1003 601 1076 676 quin
1103 605 1136 661 tu
1163 603 1237 662 istas

94 711 206 770 omittis
236 725 382 783 neuque
409 702 597 769 Mercatoris
619 703 660 787 V,
684 704 715 787 2,
739 704 799 769 201
832 701 929 794 [942].
975 705 1111 770 Accedit
1135 710 1235 771 vetus·

94 817 157 880 tior
179 816 277 880 etiam
300 813 495 899 diphthongi
515 814 608 878 testis
624 814 858 879 Ambrosianus
881 816 972 899 liber,
998 816 1087 881 cuius
1109 818 1145 881 in
1166 817 1236 882 Tri·
1281 826 1284 830 ’

94 928 218 991 nummi
245 948 274 989 v.
299 925 363 990 844
388 925 542 989 memoria
563 946 676 1009 parum
698 925 775 990 olim
796 925 889 990 nobis
912 926 1095 1011 intellecta,
1126 945 1235 992 soss-

94 1036 443 1119 rrsssonsroums*)‚
467 1036 521 1102 ubi
544 1041 588 1099 od
608 1043 686 1101 ortis
701 1043 883 1116 nequieritis
906 1038 1014 1120 ceteri,
1038 1060 1125 1103 nunc
1147 1061 1236 1124 pror-

93 1170 147 1213 sus
175 1169 243 1212 non
269 1146 451 1212 dubitamus
479 1147 557 1231 quin
588 1147 628 1211 ad
655 1155 910 1227 nouqatorios
936 1149 1074 1213 formam
1102 1153 1234 1234 spectet.

93 1259 251 1324 Incertius
280 1260 344 1341 est,
382 1257 437 1322 sed
464 1261 667 1337 tamennon
696 1258 1018 1343 praetermittendum
1044 1260 1236 1329 indiciorum

93 1369 171 1434 illud
194 1391 312 1455 genus,
341 1369 425 1453 quod
453 1391 470 1433 e
492 1368 695 1433 librariorum
724 1369 883 1434 erroribus
912 1373 1003 1455 petas
1025 1370 1123 1434 nimis
1145 1372 1234 1436 miris
1259 1456 1260 1459 Ἴ

92 1503 151 1566 pro
173 1481 312 1545 usitatae
341 1480 427 1545 vocis
450 1478 666 1564 simplicitate.
711 1479 789 1566 Tale
819 1484 867 1545 est
894 1480 1033 1545 eiusdem
1055 1481 1235 1546 Trinummi

91 1615 121 1656 v.
145 1591 210 1656 900
236 1591 377 1675 positum
404 1591 439 1654 in
461 1590 578 1655 Vetere
601 1593 633 1654 et
654 1590 814 1656 Vaticano
837 1603 1021 1670 suffuratur,
1052 1592 1087 1656 in
1116 1592 1235 1657 Decur-

91 1705 162 1767 tato
184 1713 374 1782 soporatur:
399 1701 488 1766 cuius
512 1701 710 1785 corruptelae
734 1702 793 1766 etsi
816 1703 915 1771 viaet
936 1724 1124 1787 progressus
1147 1709 1235 1769 certo

92 1813 246 1898 explicari
279 1812 406 1897 nequit,
444 1812 534 1897 origo
561 1814 671 1875 tamen
698 1813 761 1877 nisi
788 1812 931 1877 fallimur
967 1836 1005 1878 ex
1039 1814 1149 1879 cadem
1179 1814 1236 1879 illo

92 1937 289 2004 nouantur
310 1922 414 1986 forma
435 1922 611 2007 repetenda
626 1925 685 1988 est.
714 1922 899 2009 Eodemque
921 1924 1063 2008 pertinet
1083 1925 1232 2009 fortusse,

91 2034 175 2121 quod
215 2035 251 2098 in
284 2032 502 2098 Menaechmis
536 2056 566 2098 v.
590 2034 631 2098 86
660 2056 781 2114 nte-yae
815 2035 850 2099 in
878 2034 996 2099 Vetere
1024 2038 1129 2099 exstat
1163 2058 1235 2100 cum

90 2147 186 2212 unius
209 2145 336 2209 litterae
358 2167 424 2209 non
447 2147 633 2228 semente,
657 2145 712 2210 sed
734 2148 808 2229 post
830 2169 849 2211 u
871 2145 978 2209 litura.
1017 2144 1138 2210 Verum
1162 2170 1234 2232 gra·

90 2257 161 2322 vius
184 2255 404 2321 testimonium
425 2258 537 2338 restat,
560 2255 656 2340 idque
678 2259 711 2320 et
732 2258 878 2339 apertum
902 2259 935 2319 et
956 2255 1113 2339 imprimis
1136 2259 1232 2341 adpo·

90 2369 189 2433 situm
218 2367 258 2431 od
286 2366 536 2451 persuasionem.
581 2363 667 2430 Nam
694 2365 874 2430 Trinummi
903 2387 932 2428 v.
955 2366 1016 2449 856
1044 2366 1127 2450 quod
1149 2367 1234 2432 idem

92 2479 190 2544 codex
213 2500 273 2543 nec
295 2498 393 2557 nuque
407 2498 610 2557 necnonque,
636 2477 691 2541 sed
714 2496 833 2556 noque
854 2478 1009 2560 praestet,
1033 2479 1142 2540 utrum
1157 2498 1234 2541 cusu

90 2593 259 2675 peccatum
291 2587 476 2673 putabimus
509 2610 552 2652 an
584 2587 624 2652 ad
656 2587 781 2652 illorum
818 2585 976 2650 rationem
1012 2586 1233 2652 revocabimus

90 2722 173 2787 quae
195 2702 272 2764 sunt
294 2705 380 2765 nullo
402 2702 435 2763 et
457 2705 528 2778 olla,
554 2704 712 2764 ausculari
725 2700 757 2761 et
773 2703 915 2780 osculari,
937 2703 1055 2777 plaudo
1077 2700 1109 2761 et
1125 2704 1231 2781 plodo,

86 2819 262 2894 plaustrum
284 2813 317 2874 et
332 2816 493 2893 plostrum,
521 2815 646 2890 plautus
673 2815 811 2874 Plautius
833 2811 865 2873 et
881 2813 984 2889 plotus
1007 2808 1145 2872 Plotius?
1188 2808 1234 2873 Vt

89 2922 211 3007 triplici
234 2942 269 2985 se
291 2920 510 2985 vicissitudine
525 2941 646 2999 caueae
660 2941 758 2999 noque
772 2940 872 3000 nopae
892 2919 1013 2982 formae
1037 2919 1231 3003 exceperint,

90 3033 188 3118 plane
216 3034 254 3096 ut
281 3026 448 3096 s'cloudus
470 3035 613 3096 Claudios
639 3037 785 3096 claudere
812 3052 869 3114 per
896 3010 1002 3095 clodos
1030 3035 1152 3096 Clodius
1172 3037 1268 3095 clo-v

90 3150 164 3209 dere
186 3143 278 3228 (item
299 3142 468 3228 clodicore)
496 3141 616 3206 formes
643 3141 816 3205 transitum
845 3143 893 3204 est
917 3140 956 3204 ad
978 3146 1087 3205 clodus
1110 3145 1234 3206 Clodius

89 3261 224 3321 cludere.
258 3251 318 3318 Vel
342 3275 361 3316 a
382 3259 500 3317 raudus
522 3251 792 3336 Raudusculo(no)
815 3271 873 3335 per
894 3257 988 3316 rodus
1010 3256 1232 3316 Bodosculano

90 3366 131 3431 ad
158 3370 257 3430 rudus
285 3342 522 3429 Rudusetlano:
559 3362 598 3426 de
626 3362 740 3447 quibus
769 3360 933 3425 adeundus
963 3361 1076 3425 Festus
1103 3384 1134 3445 p.
1158 3360 1231 3426 265.

88 3477 153 3542 275
176 3497 249 3540 cum
270 3473 511 3557 interpretibus.
548 3470 635 3560 [Alia
658 3472 776 3536 similia
798 3493 898 3555 eaque
921 3493 960 3536 cx
982 3475 1074 3555 perte
1097 3471 1232 3555 exquisi-

88 3587 173 3651 tiora
195 3585 267 3650 vide
289 3585 375 3668 opud
396 3583 609 3648 Ribbeckium
624 3582 927 3666 Fleckeisenumque
949 3584 984 3646 in
999 3580 1094 3646 huius
1109 3580 1230 3645 Annei.

88 3697 170 3783 phil.
194 3700 219 3760 t.
245 3696 285 3760 77
309 3699 351 3779 (a.
378 3695 472 3777 1858)
495 3717 527 3779 p.
553 3692 637 3782 182]

88 3837 294 3848 ...μ-

158 3920 184 3985 *)
205 3916 281 3988 [Non
298 3914 345 3982 sio,
364 3915 413 3969 sed
432 3932 643 3969 supremorum
662 3913 755 3984 potius
767 3913 824 3967 illio
841 3911 976 3982 scriptum
994 3927 1054 3965 esse
1068 3909 1232 3965 Studemun·

88 4013 141 4066 dus
159 4012 259 4065 narret
274 4008 364 4064 Musei
380 4008 467 4063 Rhen.
486 4010 507 4062 t.
525 4008 589 4063 XXI
606 4027 633 4078 p.
652 4013 710 4061 616.
736 4005 789 4072 Qui
807 4024 869 4060 cum
886 4004 973 4059 Brixii
991 4004 1027 4059 ad
1046 4004 1121 4057 Trin.
1141 4021 1165 4057 v.
1182 4010 1232 4059 396

89 4102 302 4160 adnotationem
323 4101 433 4168 laudat,
459 4101 513 4156 etsi
535 4117 712 4170 nequequam
736 4101 826 4155 habeo
849 4098 924 4168 quod
946 4097 975 4151 in
997 4096 1046 4150 illa
1068 4096 1232 4166 vituperem,

88 4202 186 4253 tamen
203 4197 316 4267 praeter
334 4212 368 4250 es
384 4195 459 4266 ipse,
487 4212 559 4264 quae
582 4194 716 4248 decennio
739 4195 804 4248 ante
828 4208 881 4261 ego
903 4191 1072 4257 docuissem,
1099 4208 1133 4245 ne
1151 4190 1233 4247 nauci

90 4290 203 4358 quidem
221 4288 297 4358 quod
314 4291 389 4344 esset
411 4288 451 4343 ibi
468 4289 609 4359 prolatum
627 4286 742 4356 inveni]

561 4448 606 4456 ...-
