2946 5010
273 335 320 382 11
343 334 562 382 1111111110
584 333 805 384 1010011010
828 337 961 385 1111111
985 337 1162 390 11011011.
1229 325 1292 390 401)

145 489 340 556 confidentia
363 488 551 576 tribuerent.
581 488 656 552 Non
678 490 802 554 exstitit
824 494 941 574 autem,
966 493 1020 576 qui
1042 494 1081 556 ad
1104 516 1175 558 eam
1197 518 1291 579 quae·

144 603 282 666 stionem
303 600 389 664 viam
422 622 489 663 esse
520 600 727 663 muniendam
751 600 873 665 curiosa
900 602 1100 687 singulorum
1122 606 1290 670 verborum

143 711 416 797 pervestigatione
449 710 662 796 intellegeret.
706 710 827 795 Ecquis
861 715 968 776 antem
1000 716 1086 777 recte
1109 715 1290 780 existimare

144 825 182 888 de
216 845 323 886 eorum
354 843 500 886 versuum
533 822 598 885 sive
632 820 775 886 bonitate
809 822 875 886 sive
908 823 1128 889 mediocritate
1160 827 1289 910 poterit,

143 957 222 1019 quos
245 956 311 997 non
334 937 409 997 ante
431 931 604 1016 explorarit
618 932 727 1017 quales
750 933 881 997 tandem
904 935 1047 1019 quisquis
1069 936 1132 999 fuit
1154 939 1290 1022 scriptas
1349 943 1353 948 ’

144 1044 330 1129 reliquerit?
373 1043 472 1127 Atqui
503 1043 614 1125 facile,
645 1043 699 1127 qui
723 1043 903 1108 accuratius
926 1045 1112 1130 inspexerit,
1147 1048 1313 1112 fateatur*

144 1156 354 1242 gravissimae
385 1154 483 1234 illius,
518 1177 580 1238 qua
609 1154 697 1237 ipsae
719 1154 846 1255 tabplae
868 1154 1027 1240 laborant,
1052 1157 1289 1241 depravationis

145 1267 370 1352 contagionem
393 1265 491 1328 etiam
514 1265 554 1328 ad
576 1266 778 1349 Argumenta
800 1266 1002 1348 pertinuisse.
1037 1267 1133 1332 Ouius
1148 1269 1194 1332 rei
1218 1291 1289 1332 eum

143 1378 287 1463 insignia
311 1376 500 1442 documenta
522 1375 603 1439 aliae
617 1369 746 1439 fabulae
762 1376 979 1460 suppeditant,
1003 1381 1072 1442 tum
1087 1401 1186 1442 unum
1202 1402 1289 1443 nunc

142 1490 233 1553 lubet
266 1508 453 1573 proponere.
499 1485 629 1550 Etenim
663 1487 807 1570 duorum,
841 1510 922 1571 quae
945 1488 985 1551 ad
1008 1488 1178 1554 Militem
1211 1490 1300 1574 gia.

141 1600 290 1664 riosum
313 1600 476 1681 spectant,
511 1600 774 1681 argumentorum
796 1597 943 1681 alterum,
978 1600 1061 1683 quod
1084 1603 1133 1663 est
1159 1601 1287 1664 acrosti-

142 1710 249 1793 chum,
274 1710 319 1773 sic
342 1708 495 1792 seriptum
517 1707 682 1791 vulgatur:
914 1699 919 1706 ’

295 1832 481 1891 Meretricem
503 1832 631 1890 Athenis
654 1831 808 1911 Ephesum
829 1833 914 1891 miles
938 1834 1049 1893 avehit.

295 1920 331 1977 Id
352 1918 424 1976 hero
448 1918 519 1975 dum
542 1917 654 1974 amanti
677 1936 777 1976 servos
800 1919 941 1976 nunciare
964 1919 1028 1978 volt

296 2005 411 2080 Legata
434 2022 567 2079 peregre,
591 2004 712 2077 captust
734 2003 818 2076 ipsus
833 2004 865 2061 in
887 2005 971 2076 mari,

296 2089 336 2147 Et
358 2089 401 2146 illi
425 2088 521 2145 eidem
543 2087 633 2145 militi
657 2086 736 2145 dono
760 2088 873 2146 datust.

231 2183 247 2231 5
293 2174 387 2234 8111111
411 2173 532 2231 arcessit
554 2173 659 2230 herum
680 2172 818 2245 Athenis,
843 2177 873 2231 ct
895 2173 975 2231 forat

295 2259 428 2317 Geminis
451 2277 637 2316 communem
660 2257 736 2315 clam
758 2258 903 2331 parietem
926 2258 957 2315 in
980 2259 1113 2330 aedibus,

294 2345 402 2403 Licere
418 2346 453 2402 ut
476 2343 574 2419 quiret
597 2343 755 2402 convenire
778 2343 957 2401 amantibus

296 2429 499 2488 Olrhaerentes
523 2431 623 2487 custos
646 2428 700 2486 hos
723 2427 800 2487 vidit
823 2428 859 2485 dc
882 2428 1002 2503 tegulis.

294 2515 449 2573 Ridiculus
472 2517 581 2586 autem,
607 2513 692 2588 quasi
715 2513 755 2570 sit
777 2512 844 2584 alia,
861 2512 992 2570 luditur.

215 2606 248 2654 lu
291 2601 428 2675 'itemque
450 2599 580 2673 impellit
606 2598 733 2656 militem
754 2596 929 2669 Palaestrio,

295 2685 443 2744 Omissam
466 2684 557 2742 saciat
579 2682 784 2754 concubinam,
810 2683 930 2758 quando
954 2683 980 2741 ei

297 2770 382 2828 Senis
404 2769 496 2829 vicini
519 2768 620 2843 cupiat
643 2786 718 2825 uxor
739 2767 871 2825 nubere:

294 2855 381 2913 Vltro
405 2855 590 2925 1110110101,
615 2853 709 2911 donat
730 2854 835 2913 multa.
859 2853 923 2928 ipse
946 2853 978 2909 in
1001 2853 1089 2911 doma

295 2941 381 2999 Senis
403 2940 701 3015 prehensuspoenas
724 2957 779 3013 pro
802 2939 924 2996 moecho
947 2939 1014 2995 luit.

225 3072 326 3155 Atqui
359 3069 473 3152 horum
506 3091 566 3133 nce
589 3090 669 3152 quae
693 3089 772 3131 sana
794 3049 959 3150 videntur,
994 3068 1040 3131 sic
1068 3068 1188 3152 scripta
1212 3069 1285 3132 libri

140 3183 350 3268 prodiderunt
371 3181 496 3262 omnia,
530 3201 590 3243 nec
613 3201 692 3262 cquae
715 3200 732 3241 e
754 3178 844 3241 libris
867 3181 1056 3261 manarunt,
1091 3178 1156 3242 ullo
1189 3183 1284 3263 pacto
1305 3195 1331 3242 11

140 3317 209 3359 esse
243 3315 324 3357 sana
357 3295 500 3376 possunt.
546 3288 630 3353 Nam
661 3290 697 3352 ut
719 3311 738 3352 a
760 3288 957 3373 gravissimis
980 3289 1096 3371 ordiar,
1119 3289 1211 3353 foede
1234 3289 1286 3353 de·

140 3408 292 3490 pravatus
316 3424 384 3467 esse
407 3424 516 3471 versus
539 3401 559 3465 ὃ
583 3402 615 3463 01
637 3400 656 3464 8
679 3403 816 3464 metrum
833 3399 949 3463 clamat
963 3401 997 3463 11
1014 3399 1074 3463 hoc
1090 3399 1283 3482 redundans,

58 3494 66 3498 .
139 3512 434 3580 1111011111110.
480 3510 549 3576 Νο0
570 3514 679 3575 tamen
701 3511 803 3574 maior
826 3513 874 3574 est
897 3532 1004 3574 eorum
1026 3509 1207 3594 mtegritas‚
1231 3509 1285 3592 qui

139 3723 186 3777 lus
204 3717 318 3773 defendi
333 3736 361 3786 p.
373 3722 424 3770 216
441 3714 553 3769 adscitis
566 3716 738 3773 Neruolaria
756 3716 923 3771 Friuolaria
940 3712 1109 3777 nominibus,
1128 3710 1285 3764 substitutis

139 3815 183 3880 (ut
201 3811 314 3879 quidem
331 3809 372 3863 illi
389 3808 488 3876 visum)
504 3808 535 3861 in
552 3809 644 3862 locum
662 3809 838 3865 Neruolaria
853 3808 1022 3864 Friuularia
1040 3807 1210 3859 formarum?
1233 3802 1285 3856 Vel

139 3903 301 3976 argumenti
323 3902 511 3958 acrostichi
534 3902 642 3972 primae
664 3901 777 3955 tabidae
795 3917 904 3954 1011111
922 3901 1093 3968 postremum
1112 3897 1205 3950 deleta
1224 3896 1284 3954 Om-

139 4017 203 4059 nem
220 4015 289 4053 1001
304 3996 342 4050 sic
357 3995 462 4050 00111001
475 3995 617 4050 emendari
634 4013 662 4064 p.
676 4001 725 4049 205
739 3996 810 4051 Rem
821 3999 977 4062 quoscum.-
993 3994 1119 4060 qanrinos
1129 3992 1285 4047 Alcumena

138 4097 309 4157 expellitur,
328 4090 401 4143 unde
415 4088 632 4143 AMPHITRVR
649 4104 750 4141 nomen
774 4085 904 4155 emergit,
924 4084 1142 4152 comparandum
1160 4082 1228 4136 illud
1247 4077 1301 4136 10-ι

137 4185 226 4242 enlsri
245 4182 429 4237 Lindemanni
445 4181 558 4236 inventa
578 4199 632 4248 quo
650 4181 761 4234 MILEA
780 4176 980 4234 GLORIOSVS
998 4175 1105 4245 prodiit
1122 4195 1148 4245 p.
1162 4175 1222 4229 LVI
1242 4175 1284 4228 ed.

135 4299 162 4335 a.
184 4284 260 4334 1844.
298 4275 354 4330 Sed
372 4275 468 4330 taedet
485 4275 512 4328 11
531 4275 573 4329 his
592 4272 699 4328 frivolis
717 4272 833 4329 haerere
851 4270 966 4336 diutius,
985 4286 1056 4340 quae
1076 4269 1134 4322 dies
1153 4268 1197 4322 die
1216 4269 1283 4322 abo·

133 4355 223 4430 renna
241 4367 338 4425 tradit.
342 4369 353 4439 q
