2992 4996
256 316 319 380 aot
599 330 820 381 ouossamvn
844 332 1058 379 nusvmuvn.

341 488 392 552 74.
418 486 458 550 75
479 493 664 552 saeviter:
687 492 905 551 blanditer:
937 486 1088 550 Pseuduli
1111 485 1152 567 V,
1175 487 1207 569 2,
1230 487 1251 550 3
1275 486 1405 571 (1290):

259 597 331 661 vide
354 598 394 661 ad
417 600 437 678 ξ
459 598 490 661 3.
514 597 567 660 46.

341 708 382 771 76
405 710 606 785 afflicter:
640 707 844 772 hauddubie
867 711 1030 791 sumptum
1052 729 1069 771 e
1091 707 1241 772 Pseuduli
1264 708 1306 791 V,
1331 710 1363 791 2,
1386 710 1407 773 6

257 819 381 904 (1295),
416 817 472 881 sed
493 820 530 882 ut
551 839 661 883 rursus
684 819 805 903 aliquid
826 818 960 883 humani
982 818 1217 904 glossographo
1240 820 1405 883 acciderit.

257 930 288 994 N
290 952 342 994 am
355 949 553 1014 quocumque
568 930 662 993 modo
678 951 787 993 versus
799 928 853 994 ille
870 929 1166 1012 reconcinnabitur,
1182 952 1279 1013 quem
1294 951 1408 995 vereor

257 1045 294 1105 ut
321 1044 407 1105 recte
435 1040 641 1105 tractaverim
668 1040 703 1104 in
726 1040 865 1136 editione
875 1045 923 1123 ⁸³),
956 1039 1017 1104 hoc
1045 1040 1173 1124 quidem
1202 1040 1407 1105 dubitatione

259 1153 368 1235 vacat,
392 1151 503 1215 verbi
527 1151 663 1216 formam
684 1150 781 1215 illum‘
799 1153 851 1214 sat
878 1151 1097 1236 incogitanter
1123 1172 1181 1233 pro
1211 1150 1407 1215 adverbio

258 1262 418 1325 habuisse.
463 1263 533 1337 Qua
566 1262 600 1325 in
624 1283 658 1325 re
680 1261 886 1325 mirationem
907 1261 968 1325 hoc
991 1263 1099 1346 auget,
1123 1260 1206 1344 quod
1228 1261 1265 1324 in
1287 1261 1334 1325 eis
1357 1283 1408 1326 oo-

258 1372 393 1455 dicibus,
417 1393 550 1455 quorum
573 1372 687 1436 similis
709 1372 738 1436 ei
759 1373 794 1436 in
817 1372 965 1436 manibus
987 1372 1059 1453 fuit,
1083 1371 1115 1435 h.
1139 1393 1167 1435 e.
1192 1393 1266 1436 cum
1288 1372 1324 1435 in
1345 1371 1407 1435 Pa-

258 1482 369 1547 latinis
401 1486 471 1546 tum
503 1483 538 1546 in
560 1483 791 1566 Ambrosiam,
829 1504 870 1546 ne
893 1485 998 1547 exstat
1020 1482 1147 1566 quidem
1170 1489 1316 1562 afflicter,
1351 1482 1406 1546 sed

259 1597 398 1674 afflictor
419 1591 469 1657 vel
492 1599 651 1676 addictor,
681 1597 818 1674 afflicter
840 1596 947 1657 autem
969 1593 1004 1656 in
1025 1595 1118 1677 parte
1140 1614 1251 1656 eorum
1272 1592 1405 1678 legitur,

260 1705 314 1789 qui
337 1703 492 1767 Italorum
515 1704 600 1768 curis
622 1704 808 1788 interpolati
830 1704 1004 1768 multorum
1019 1702 1218 1767 saeculorum
1233 1703 1406 1768 intervallo

261 1840 280 1880 a
302 1813 527 1900 glossographi
549 1817 656 1878 aetate
679 1815 812 1879 distant.

347 1926 386 1989 ‘ll
407 1929 526 2002 sanus
548 1925 623 2008 quid
646 1925 708 1988 sibi
731 1925 819 2007 velit,
844 1948 909 1989 non
931 1925 1035 2009 magis
1058 1946 1144 2011 nunc
1159 1925 1294 2008 expedio
1310 1948 1406 2010 quam

262 2035 340 2100 olim
375 2035 408 2099 in
444 2035 644 2120 praefatione
666 2035 816 2099 Pseuduli
839 2058 871 2119 p.
896 2035 958 2118 XI,
997 2034 1051 2099 ubi
1084 2035 1202 2099 indicio
1235 2035 1316 2100 illud
1338 2059 1407 2101 esse

262 2147 327 2209 dixi
361 2146 455 2230 plura
476 2147 511 2209 in
533 2146 617 2210 male
640 2145 758 2209 habitis
781 2146 917 2210 canticis
939 2146 1018 2229 illis,
1056 2146 1091 2209 in
1113 2167 1194 2229 quae
1217 2146 1339 2212 desinit
1360 2148 1406 2211 fa-

261 2257 348 2340 bula,
385 2256 585 2321 intercidisse
607 2279 703 2340 quam
725 2280 812 2321 nunc
835 2259 960 2341 assequi
983 2257 1167 2321 coniectura
1188 2256 1297 2322 liceat.
1342 2258 1406 2322 Vbi

262 2372 371 2432 tamen
393 2368 428 2432 in
450 2391 487 2431 eo
510 2372 650 2432 erratum
673 2372 731 2450 est,
756 2367 840 2451 quod
862 2367 895 2431 in
919 2366 1126 2452 Scaligerano
1142 2367 1250 2431 codice
1266 2369 1406 2453 adscrip-

262 2482 330 2543 tam
352 2500 421 2543 esse
441 2486 630 2558 petulantis
652 2501 715 2544 uox
737 2477 1037 2561 interpretationem
1060 2477 1145 2541 dxi:
1168 2500 1265 2561 quam
1288 2479 1329 2543 ad
1352 2491 1406 2544 tac

188 2567 201 2595 ⁹
263 2603 319 2654 tax
341 2590 480 2674 glossam
504 2593 537 2672 (ξ
560 2590 614 2671 82)
647 2590 809 2673 pertinere
840 2587 1015 2663 certissime
1036 2586 1197 2665 intellexi,
1238 2593 1407 2674 postquam

264 2723 283 2764 a
305 2700 373 2764 viro
400 2699 631 2763 humanissimo
659 2699 713 2763 W.
737 2698 779 2763 N.
809 2699 851 2763 du
879 2697 961 2762 Rieu
990 2701 1104 2783 rogatu
1127 2721 1198 2763 meo
1221 2698 1283 2764 hoc
1306 2723 1409 2784 nuper

264 2809 444 2892 exemplum
466 2813 616 2873 accurate
638 2810 870 2892 transcriptum
892 2809 1003 2892 accepi
1025 2809 1111 2873 illius
1133 2810 1285 2894 glossarii
1308 2811 1407 2896 parti-

208 2904 215 2913 ·
265 2920 370 2984 errice:

973 3038 979 3056 ,
1123 3014 1158 3082 4.
1279 3008 1281 3013 ‘

492 3093 630 3153 Sceniter.
676 3094 848 3155 Blandita.
888 3092 1042 3168 Afflicter.
1087 3096 1203 3154 Funus.

618 3206 655 3265 ln
678 3206 782 3265 Persa.
1153 3237 1294 3285 mmmm,
1308 3250 1362 3276 m,

421 3313 597 3395 (lectricium
636 3317 726 3376 Here.
774 3316 930 3392 Temperi„
966 3317 1116 3375 Amiciter.
1165 3316 1280 3378 Tarax.

265 3481 311 3546 Vt
331 3480 421 3545 nulla
442 3480 506 3543 iam
529 3481 614 3545 inter
636 3481 880 3566 Scaligeranum
903 3481 1275 3566 Heidelbergensemque
1290 3485 1421 3549 dissen-

265 3593 312 3655 sio
345 3591 397 3655 sit.
443 3591 552 3675 Ipsum
575 3595 682 3655 autem
701 3596 797 3669 fanus
819 3592 901 3676 quod
924 3592 1008 3656 idem
1031 3591 1319 3677 Heidelbergensis
1342 3603 1425 3660 reli-

263 3710 344 3783 piosc
380 3704 626 3785 interpretatur,
664 3724 730 3765 non
766 3702 872 3767 minus
901 3702 1070 3766 obscurum
1103 3706 1153 3766 est
1181 3725 1244 3786 quo
1276 3709 1412 3788 spectet,

265 3835 361 3897 quam
383 3813 415 3877 id
439 3813 488 3877 cui
512 3812 754 3896 interpretando
776 3813 974 3897 adscriptum
990 3816 1049 3877 est.

333 4088 358 4153 *)
380 4085 499 4155 Propius
517 4086 616 4139 saltem
635 4085 672 4139 ad
689 4085 772 4138 fidem
790 4084 925 4139 librorum
943 4084 1058 4139 accedes
1075 4084 1114 4139 sic
1131 4087 1333 4155 periclitando:
1362 4081 1403 4146 Ps.

268 4180 326 4236 Cur
344 4181 450 4246 e'pomct
468 4182 617 4248 addictor?
647 4179 692 4235 81.
716 4181 784 4247 quid
806 4183 859 4244 ito,
883 4181 1000 4244 molum,
1020 4179 1087 4247 e'rqo
1105 4183 1136 4235 in
1154 4198 1187 4236 oe
1205 4182 1309 4239 ruetis
1326 4183 1402 4239 maa

268 4271 355 4324 eiecto
373 4270 534 4341 interpretis
552 4271 744 4325 additamento
762 4274 867 4329 ebrias.
903 4272 994 4339 Atque
1017 4280 1135 4330 ructare
1158 4278 1188 4332 in
1211 4293 1256 4338 os,
1284 4292 1341 4329 non
1366 4280 1402 4333 iu·

269 4372 394 4429 ructare,
413 4365 500 4418 habes
517 4383 541 4418 v.
564 4372 636 4417 1300.
