2992 4996
232 294 296 358 272
576 307 799 356 snosssurvu
821 308 1035 357 ensuriuvu.

320 464 380 525 103
402 465 601 539 efflictim:
625 459 744 543 Amph.
769 460 795 542 I,
818 462 849 544 3,
876 462 915 526 19
938 465 1042 545 (slep
1067 464 1137 528 vide
1160 466 1200 528 ad
1223 470 1244 545 ἕ
1270 469 1318 530 11.

321 573 382 635 104
403 576 553 636 tuatim:
586 571 630 634 ib.
654 570 697 652 II,
733 573 760 653 1,
795 572 927 654 4(554)
952 575 1224 654 Mitipracdicds.
1249 580 1306 639 So.
1329 599 1375 641 ec-

232 686 312 761 cere',
337 689 396 746 iam
419 685 524 747 tuatim
547 682 648 745 Facis.
693 680 768 745 Non
791 681 852 745 sibi
874 682 1073 747 intellectum
1088 683 1231 750 Plautini
1253 687 1376 752 librarii

232 795 267 858 in
290 805 323 858 tu
346 804 444 857 aulem
467 795 649 874 mutarunt,
679 795 848 855 servarunt
869 791 994 857 Nonius
1015 816 1047 878 p.
1075 797 1134 859 179
1156 800 1189 859 et
1211 796 1378 862 Charisius

232 903 264 967 II
287 927 320 987 p.
347 905 408 968 196
430 903 468 967 Ρ.
493 903 564 985 (221
591 901 656 983 K),
690 924 753 986 quo
775 905 857 966 teste
879 903 945 967 iam
967 903 1103 969 Sisenna
1125 904 1204 970 illud
1226 907 1377 993 designa-

232 1017 332 1097 verat,
368 1017 417 1079 ‘ul
438 1018 614 1079 nostratim'
638 1011 760 1075 fastum
796 1014 915 1077 dicens.
961 1013 1041 1079 Cum
1073 1023 1192 1080 meatim
1227 1040 1300 1082 eum
1322 1020 1377 1082 alii

232 1112 437 1208 grammatici
458 1124 627 1207 (Donatus
653 1122 784 1207 Sergius
806 1124 872 1187 sive
888 1123 1027 1207 Servius,
1052 1125 1240 1210 Cledonius,
1264 1131 1378 1214 Augu-

233 1236 349 1317 stinus,
383 1234 567 1318 Pompeius)
592 1234 802 1315 contendunt,
825 1238 893 1297 tum
916 1234 1101 1299 Priscianus
1124 1236 1187 1300 XII
1210 1260 1241 1320 p.
1258 1238 1322 1302 949
1338 1239 1376 1303 Ρ.

233 1346 309 1428 (694
331 1345 399 1428 Η.),
439 1345 527 1409 cuius
551 1344 647 1407 verba
670 1357 702 1408 ut
724 1351 856 1408 ‘meatim
876 1347 971 1420 sacis'
996 1359 1025 1410 ct
1048 1350 1178 1422 ‘facitis’
1201 1349 1288 1412 haud
1310 1351 1379 1414 seio

232 1478 275 1520 an
298 1457 345 1519 sie
367 1454 567 1519 emendanda
590 1455 670 1518 sint:
695 1467 726 1518 ut
747 1461 877 1518 ‘meatim
897 1459 996 1532 facio’
1020 1470 1048 1521 et
1070 1465 1190 1522 ‘tuatim
1207 1464 1318 1536 focis’.

320 1567 380 1632 105
401 1571 664 1631 somniculose:
688 1564 807 1648 Amph.
831 1565 873 1647 II,
900 1568 928 1648 l,
953 1568 993 1631 75
1016 1568 1104 1649 (622)
1128 1573 1195 1633 No'a
1216 1577 1299 1635 soleo
1320 1594 1380 1650 epo

230 1679 432 1743 somniculose
463 1678 511 1740 eri
539 1683 598 1739 mei
629 1682 757 1755 imperio
786 1679 943 1754 persequi:
977 1679 1039 1741 nisi
1066 1678 1111 1742 ibi
1134 1682 1223 1743 crriio
1245 1687 1380 1761 imperia

231 1793 357 1868 c'ascqui
387 1787 550 1871 praeferes
572 1789 609 1849 ut
630 1786 779 1849 usitatius
801 1807 904 1871 genus
927 1786 1093 1872 loquendi,
1127 1790 1255 1873 quando
1276 1799 1339 1857 mei
1360 1815 1380 1856 a

231 1900 321 1963 libris
354 1899 483 1982 seriptis
517 1897 617 1960 abest.
662 1895 766 1960 Semel
799 1901 964 1981 praeterea
998 1921 1035 1963 eo
1068 1901 1218 1965 adverbio
1240 1902 1380 1967 Plautus

230 2032 305 2073 usus
328 2009 421 2092 Capt.
444 2007 487 2090 II,
514 2011 542 2090 1,
576 2007 615 2071 31
641 2007 732 2090 (227)
758 2011 859 2071 Tanto
881 2008 1002 2090 incepta
1024 2014 1075 2074 re's
1095 2023 1147 2089 est,
1182 2017 1247 2077 tou
1268 2016 1379 2078 simui·

229 2123 330 2185 culo'sc
350 2125 407 2183 icoc
430 2119 626 2196 launacum.

317 2230 377 2294 106
399 2235 540 2294 simitu:
564 2226 683 2311 Amph.
707 2228 750 2311 II,
777 2231 804 2312 1,
829 2230 871 2292 84
893 2230 999 2315 (631):
1022 2232 1093 2296 vide
1116 2233 1155 2296 ad
1180 2238 1200 2315 ξ
1225 2236 1277 2298 71.

317 2342 375 2405 107
399 2346 624 2404 examussim
658 2338 730 2421 (pro
763 2362 826 2423 000
853 2344 1020 2424 peecatum
1043 2345 1213 2428 amussim:
1252 2346 1376 2430 Amph.

229 2453 271 2535 II,
306 2453 337 2535 2,
372 2450 547 2534 2131843)
582 2454 628 2513 Ne
649 2451 707 2512 islo
729 2456 845 2530 edepol,
880 2458 908 2515 si
928 2458 1004 2518 hacc
1032 2459 1105 2518 uc'ra
1128 2461 1273 2535 loquitur,
1298 2463 1377 2521 elea-

228 2570 402 2629 mussimcsi
423 2565 554 2642 optumo.
591 2560 688 2623 Redit
710 2560 743 2623 in
756 2561 983 2645 Menaechmis,
1008 2564 1042 2626 in
1054 2563 1265 2650 Mostellaria,
1288 2569 1377 2653 apud

230 2674 447 2758 antiquarium
470 2671 676 2756 Appuleium.
723 2670 807 2734 Fieri
840 2674 949 2736 tamen
972 2677 1089 2757 potest,
1125 2676 1218 2740 utin
1241 2699 1300 2741 suo
1325 2701 1376 2743 eo-

228 2786 297 2849 dice
329 2780 579 2867 glossographus
612 2782 716 2864 ipsum
749 2789 888 2846 amussim
921 2783 999 2846 iilud
1022 2784 1156 2869 legerit,
1193 2789 1376 2853 cumidem

228 2895 325 2958 etiam
347 2891 472 2956 Nonius
495 2894 632 2955 testetur
654 2914 686 2974 p.
711 2891 741 2972 9,
766 2895 798 2954 et
820 2893 866 2956 sie
888 2894 1014 2977 quidem
1037 2895 1142 2959 verbis
1165 2899 1375 2981 transpositis

227 3005 268 3067 ad
289 3003 469 3099 legitimum
491 3001 707 3085 septenarium
731 3001 938 3085 explendum:
974 3012 1002 3082 si
1027 3008 1102 3070 uc'ra
1123 2986 1261 3086 loquitur
1282 3015 1372 3087 haic,

228 3121 367 3179 amussim
389 3125 433 3177 esi
455 3115 577 3192 optima.
624 3112 760 3174 Accedit
787 3112 870 3197 quod
892 3102 998 3198 ips'um
1020 3124 1159 3181 amussim
1183 3117 1373 3184 adverbium

227 3225 325 3288 etiarn
348 3223 459 3286 Festus
483 3220 574 3284 Pauli
600 3244 632 3305 p.
657 3223 686 3304 6,
721 3223 916 3287 9testatur:
950 3226 1035 3288 unde
1067 3226 1146 3290 illud
1170 3227 1322 3294 Lucretio
1345 3231 1371 3314 1,

226 3335 287 3399 657
312 3333 507 3417 Bernaysius
530 3332 702 3395 restituens
725 3332 827 3396 Musei
850 3333 955 3398 Rhen.
972 3339 995 3399 t.
1013 3335 1092 3400 VIII
1115 3359 1146 3420 p.
1168 3339 1253 3402 160*
1279 3341 1373 3405 cedet

226 3445 319 3508 hodie
352 3443 415 3507 nisi
450 3442 545 3506 fallor
567 3440 610 3505 H.
634 3440 786 3506 Munroni
814 3452 974 3509 contraria
996 3453 1083 3511 nasci
1103 3449 1290 3513 emendanti
1313 3473 1372 3535 pro

223 3561 384 3620 contrario
406 3575 495 3618 muse.
512 3592 554 3601 -
578 3551 725 3617 Ceterum
748 3561 940 3636 examussim,
964 3555 1057 3641 idque
1079 3557 1114 3620 in
1130 3558 1371 3652 Amphitruone

224 3666 286 3730 sibi
308 3664 437 3747 lectum,
471 3665 535 3726 iarn
559 3663 713 3727 Sisennae
737 3663 871 3748 dignum
894 3665 1085 3730 visumesse
1108 3669 1193 3751 quod
1216 3670 1371 3754 explana-

223 3780 283 3859 ret,
308 3775 473 3840 Charisius
496 3774 588 3837 doeet
609 3772 640 3836 ΙΙ
664 3796 695 3856 p.
722 3774 781 3837 178
804 3775 879 3856 (198
902 3775 974 3857 K.):
1013 3777 1052 3840 cf.
1076 3776 1242 3864 Parergon
1267 3781 1330 3845 vol.
1354 3783 1371 3845 1

223 3911 254 3970 p.
278 3887 352 3950 385.
384 3923 427 3934 -
459 3883 597 3947 Vberius
630 3888 663 3947 et
694 3889 875 3949 examussim
904 3890 937 3948 et
969 3892 1174 3953 adamussim
1198 3888 1370 3955 Bentleius

222 3996 374 4060 tractavit
396 3994 436 4058 ad
460 3992 605 4076 Hecyrae
627 3994 652 4076 I,
677 3995 707 4077 2,
732 3994 783 4058 88.

309 4105 368 4168 108
390 4126 524 4183 susque
546 4110 684 4182 deque:
708 4104 827 4188 Amph.
851 4105 910 4185 III,
933 4107 964 4188 2,
988 4108 1009 4170 5
1033 4107 1119 4194 (886)
1143 4116 1242 4190 Atque
1265 4113 1300 4175 ia
1317 4136 1369 4178 mc

220 4237 328 4295 susque
360 4218 457 4293 dc'qam
490 4235 553 4277 esse
579 4218 750 4278 habituram
785 4229 882 4294 putot.
933 4216 981 4281 De
1019 4218 1114 4282 Gellii
1144 4219 1238 4302 XVI,
1264 4223 1286 4285 9
1313 4224 1367 4288 de·

221 4348 281 4409 que
311 4324 396 4386 Festi
426 4346 457 4405 p.
481 4324 545 4386 290
566 4326 769 4389 enarratione
803 4329 869 4390 eius
902 4327 1071 4391 locutionis
1104 4331 1184 4393 satis
1221 4337 1366 4400 constat.
