2946 5010
432 276 706 336 nassamones
729 284 963 336 nrascsroars.
1212 267 1272 332 401

129 442 264 505 Piscibus
286 446 316 504 ia
339 446 402 503 aiio
435 445 543 513 credo„
554 434 706 521 praebent
721 445 880 521 putidum.
925 437 1159 504 Menaechmon
1182 462 1211 503 v.
1237 441 1279 503 90
1407 520 1408 523 Ἴ

129 557 206 616 Dum
229 562 261 616 tu
283 551 332 614 illi
351 556 433 630 qaod
453 557 516 615 edii
538 562 567 616 et
589 557 672 631 quod
688 562 773 632 potet
792 556 942 632 praebeas
970 554 1032 615 Suo
1055 554 1278 616 arbitrarem-

128 684 187 742 que
208 666 341 739 adfatim
364 667 497 725 cottidie,
543 660 625 726 Rud.
649 661 698 744 II,
722 663 753 746 6,
776 662 818 726 46
840 667 892 726 Itu
914 664 1026 727 sileam
1045 666 1207 741 praehibet
1222 683 1279 742 po·

128 779 238 837 tionem
254 783 283 836 et
294 775 457 851 sapidum,
489 771 605 837 Persae
620 772 683 836 429
707 775 821 837 Eode'm
844 780 919 836 mihi
933 779 1035 853 pretio
1056 780 1104 835 sul
1120 778 1280 853 praehibe-

128 895 181 949 tur
208 905 267 963 qao
289 889 352 948 eibi.
402 883 485 948 Item
513 883 747 948 Menaechmon
770 883 830 948 801
865 886 1011 961 ancillis,
1041 904 1155 962 penum
1188 886 1282 948 Be'cte

124 1001 297 1076 praehibet.
321 1033 364 1044 —-
388 993 535 1060 Ceterum
557 1001 741 1075 praehibere
762 996 866 1059 forma
889 998 1076 1059 constanter
1097 1017 1189 1059 usum
1212 1016 1280 1058 csse

129 1105 279 1171 Plautum
300 1105 402 1170 multa
424 1105 550 1170 faciunt
572 1109 608 1169 ut
631 1105 812 1170 credamus:
850 1106 977 1190 quando
1005 1108 1038 1170 et
1060 1112 1202 1171 dehibere
1225 1105 1281 1169 ali-

129 1217 276 1302 quotiens
292 1221 453 1281 servatum
470 1221 519 1282 est
539 1239 598 1301 pro
621 1222 737 1300 dehac,
761 1220 795 1281 et
808 1216 913 1301 ipsum
932 1222 1114 1298 praehibere
1128 1240 1193 1282 non
1209 1238 1282 1281 raro

130 1329 164 1393 in
186 1327 329 1414 vulgaris
356 1327 479 1392 formae
506 1329 612 1393 locum
635 1328 706 1392 libri
731 1327 878 1392 meliores
900 1328 1116 1412 substituunt,
1150 1331 1183 1392 et
1210 1350 1281 1412 pro·

132 1437 310 1504 doctiorem
343 1440 480 1504 formam
514 1462 531 1504 e
563 1443 613 1504 tot
646 1438 799 1524 exemplis
836 1439 961 1504 nullum
994 1441 1117 1525 respuit
1153 1443 1282 1524 praeter

131 1572 230 1615 unum
253 1550 348 1634 idque
372 1551 478 1635 specie
500 1543 629 1615 fallens.
667 1550 753 1614 Nam
775 1572 854 1614 sane
876 1549 1010 1615 Poenuli
1034 1549 1075 1633 V,
1099 1551 1130 1633 2,
1155 1552 1283 1616 931111-

130 1666 217 1725 trum
242 1683 309 1729 non
331 1662 396 1725 fert
415 1660 539 1745 dactyli
568 1684 638 1725 cum
661 1664 837 1744 anapaesto
861 1661 1131 1726 consociationem

285 1820 366 1897 Ergo
390 1821 440 1879 hic
462 1820 543 1896 apud
565 1841 612 1879 me
634 1821 803 1896 hospitium
825 1821 882 1880 tibi
905 1820 1142 1897 praehibebitur.

130 1967 253 2032 Verum
275 1967 321 2031 ibi
344 1989 416 2032 cum
439 1973 494 2033 eibi
517 1990 695 2052 pronomen
719 1968 759 2033 ab
781 1969 998 2033 Ambrosiano
1023 1970 1131 2034 codice
1152 1990 1282 2054 prorsus

131 2078 233 2161 absit,
264 2079 391 2162 quando
419 2079 681 2163 transpositionis
707 2079 828 2143 indicio
851 2102 946 2164 saepe
969 2084 1019 2144 est
1040 2081 1170 2144 omissio
1193 2103 1284 2145 voca-

131 2188 210 2271 buli,
235 2211 302 2252 non
323 2189 468 2273 profecto
490 2190 680 2254 audaculum
701 2189 811 2272 fuerit,
835 2191 1024 2275 praesertim
1046 2191 1083 2255 in
1105 2194 1171 2254 tam
1195 2191 1283 2254 male

131 2299 247 2362 habita
269 2320 402 2383 scaena,
427 2300 465 2364 de
487 2301 545 2364 tali
567 2323 661 2365 versu
683 2300 857 2385 suspicari:
1085 2300 1091 2309 ‘

286 2459 368 2536 Ergd
391 2460 449 2518 tibi
474 2460 556 2535 apud
579 2480 625 2519 me
647 2460 696 2519 hic
718 2460 884 2536 hdspitium
905 2424 1142 2543 praehihdbitur.

135 2608 295 2693 [Accessit
321 2609 355 2672 in
388 2608 481 2672 huius
510 2609 682 2674 voluminis
711 2608 796 2673 Diss.
821 2607 851 2672 Χ
879 2631 910 2693 p.
937 2610 968 2675 V
995 2609 1074 2673 haec
1104 2609 1283 2674 adnotatio:

133 2719 257 2783 ε01111111
286 2718 473 2783 Mercatoris
501 2742 629 2784 versum
650 2719 692 2802 V,
715 2721 753 2802 4,
778 2720 819 2784 63
849 2717 955 2807 [1022]
987 2719 1046 2811 sio,
1061 2720 1222 2817 proditum
1249 2721 1285 2784 in

132 2829 241 2893 libris:
264 2833 300 2893 Si
313 2835 377 2908 quis
387 2836 580 2910 prohibuerit
598 2838 669 2910 pleis
685 2835 798 2910 perdet
818 2837 897 2894 clam
913 2837 940 2894 si
954 2836 1149 2910 prohibuerit
1166 2838 1283 2911 palam.
1372 2839 1374 2842 ⁴

133 2939 174 3003 In
197 2962 260 3023 qua
282 2939 440 3024 scriptura
468 2962 540 3005 cum
561 2940 615 3004 vix
638 2940 724 3003 aliud
746 2940 810 3004 nisi
832 2938 893 3004 hoc
914 2940 1016 3029 lateat
1038 2940 1173 3005 sublatis
1195 2964 1284 3006 meu·

141 3049 191 3113 dis
213 3050 410 3114 manifestis:

288 3174 321 3232 Si
349 3176 553 3251 prohibuerit,
584 3179 661 3236 ch'sm
692 3177 760 3253 plus
791 3177 897 3252 perdet
920 3178 1011 3253 quim
1034 3178 1059 3237 si
1081 3166 1288 3253 praehibuerit

742 3263 860 3338 palam,
1179 3286 1181 3289 ·

134 3393 248 3458 relicta
270 3396 442 3457 esttamen
464 3393 739 3477 proceleusmatici
762 3393 907 3477 pravitas
932 3415 989 3477 pro
1005 3393 1157 3457 trochaeo
1179 3392 1285 3476 positi.

136 3503 249 3587 Itaque
278 3503 341 3567 nisi
370 3504 563 3568 substituere
592 3511 771 3583 praetuerit
797 3505 900 3568 voles:
938 3504 1065 3589 quando
1100 3503 1203 3567 exitus
1232 3503 1286 3565 ille

136 3613 265 3677 fabulae
293 3613 379 3677 haud
406 3615 472 3678 scio
500 3636 543 3677 an
572 3619 646 3698 post
667 3613 817 3679 Plautum
846 3616 973 3679 demum
995 3614 1184 3678 accesserit:
1222 3632 1288 3675 una

136 3723 224 3788 salus
245 3728 294 3788 est
314 3724 350 3788 in
372 3729 576 3805 praelibasset
601 3726 721 3808 forma,
760 3725 800 3789 ad
837 3724 925 3790 ouius
959 3728 1069 3788 tamen
1105 3722 1286 3805 exemplum

136 3834 235 3900 etiam
257 3835 385 3898 initium
408 3857 517 3899 versus
546 3836 811 3900 conformandum
832 3837 930 3900 fuerit
952 3840 987 3899 Si
1004 3838 1199 3915 prohibessit.
1245 3831 1290 3894 Et

136 3946 173 4009 in
195 3945 300 4030 legem
327 3945 472 4030 quidem,
507 3946 611 4029 qualis
638 3945 705 4011 illic
733 3948 849 4028 fertur,
885 3945 945 4009 hoo
973 3942 1158 4008 declinandi
1186 3963 1288 4026 genus

134 4055 307 4120 fatendum
332 4059 381 4120 est
401 4055 550 4139 inprimis
575 4057 769 4121 conveniens
794 4054 905 4142 esse’]

227 4189 346 4267 Quodsi
369 4192 421 4254 vix
444 4192 522 4255 satis
538 4192 683 4277 dignam,
707 4213 788 4276 quae
811 4189 1026 4273 superioribus
1049 4189 1198 4271 societur,
1222 4191 1290 4250 tam

134 4301 313 4390 proclivem
347 4302 563 4366 coniecturam
597 4302 730 4384 dixeris,
768 4323 809 4365 en
843 4300 940 4364 aliam
972 4298 1091 4362 habeto
1125 4321 1220 4382 quam
1254 4298 1289 4360 in

188 4441 235 4475 FB·
254 4439 421 4474 BITSCHRLH
440 4438 583 4475 ouvscvnh
603 4439 634 4473 11.
1053 4401 1094 4465 26
