2948 4994
453 354 676 404 euossnnivn
698 354 913 401 Punvrrnvn.
1192 341 1253 407 267

191 509 234 574 60
256 512 464 585 efflictim:
492 509 534 572 ib.
558 508 601 592 ΙΙ,
625 510 655 589 3,
682 509 740 572 107
765 509 871 593 (444);
895 508 967 572 vide
989 509 1029 572 ad
1053 514 1072 592 ξ
1097 512 1147 574 11.

192 622 232 684 61
256 627 565 685 dissimulanter:
599 619 639 681 ad
667 619 866 702 deperditum
896 620 1089 704 principium
1117 643 1254 686 scaenae

108 732 223 796 tertiae
256 733 348 794 actus
381 729 488 814 quinti
523 731 711 793 Mercatoris
744 730 854 793 rettuli
883 730 917 793 in
951 731 1152 814 praefatione
1186 733 1254 796 eius

106 843 235 907 fabulae
259 864 291 925 p.
315 840 356 904 X.

192 953 235 1016 62
258 959 510 1016 altrinsecus:
532 951 576 1014 ib.
601 949 641 1033 V,
664 952 695 1033 4,
722 953 761 1014 16
784 952 892 1037 (977);
915 952 987 1016 ride
1010 952 1049 1015 ad
1073 956 1093 1033 ἕ
1115 954 1167 1017 53.

193 1049 472 1127 ΙηῬεευᾶιιΙο.
503 1062 544 1125 63
567 1068 846 1140 manipulatim:
870 1062 984 1136 Pseud.
1002 1062 1028 1145 I,
1044 1063 1076 1145 2,
1094 1063 1137 1126 48
1160 1063 1252 1148 (181)

111 1178 326 1255 Mu'nipulatim
348 1172 566 1250 muneriperuli
589 1175 687 1249 scicite
715 1185 786 1235 unte
815 1179 900 1237 aedis
922 1177 982 1237 idm
1004 1181 1047 1251 mi
1066 1180 1116 1238 liic
1138 1179 1250 1238 adsint.

194 1285 237 1348 64
260 1288 459 1347 alicunde:
482 1281 632 1345 Pseuduli
648 1281 680 1364 Ι,
691 1283 722 1364 3,
739 1283 781 1346 83
797 1284 887 1367 (317)
911 1286 971 1347 Aut
991 1297 1076 1348 terra
1098 1295 1153 1350 aut
1174 1291 1255 1349 muri
1349 1280 1352 1283 ’

111 1400 253 1461 alicunde
274 1401 378 1474 aliqua
399 1396 532 1457 eadivam
555 1397 588 1456 id
610 1394 768 1471 arpentum
788 1399 856 1458 tici:
878 1394 933 1458 ubi
956 1401 1061 1475 aliqua
1083 1394 1190 1458 addidi
1213 1395 1251 1458 ad

112 1505 292 1590 exemplum
315 1503 443 1588 Epidici
465 1503 525 1585 ΙΙΙ,
553 1505 579 1585 1,
607 1504 646 1567 10
667 1525 727 1587 ες,
751 1504 805 1588 qui
827 1526 937 1568 versus
958 1504 1040 1568 tales
1062 1505 1253 1590 vulgantur:

112 1621 147 1681 Si
166 1622 269 1680 hercle
288 1620 430 1691 trabeam,
451 1620 603 1694 pollicear
617 1619 739 1678 labens:
762 1636 862 1679 uerum
886 1622 1004 1696 aliquid
1024 1624 1128 1696 aliqua
1150 1623 1254 1696 aliquo

111 1732 199 1791 mado
222 1731 370 1791 Alicunde
391 1731 429 1789 ul
452 1730 550 1804 aliqui
571 1730 676 1804 aliqua
698 1730 755 1789 tibi
774 1747 842 1805 spes
863 1730 997 1803 estsere
1018 1749 1132 1792 mecum
1151 1730 1252 1803 sortu-

112 1860 192 1902 nam.
239 1836 324 1912 Quos
347 1840 472 1918 tamen,
502 1837 538 1898 ut
566 1837 598 1898 et
625 1835 766 1899 numeris
795 1840 828 1900 et
850 1837 1081 1902 constructioni
1104 1837 1251 1919 satisfiat,

111 1948 196 2012 haud
219 1948 285 2012 scio
308 1969 350 2010 an
371 1944 581 2030 probabiliter
602 1949 649 2009 sic
678 1946 889 2011 conformem:
926 1952 962 2011 Si
986 1953 1087 2013 lrerclc
1115 1953 1250 2026 babeam,

106 2060 259 2140 pollicedr
285 2063 404 2122 latens:
432 2077 534 2122 uerum
557 2059 688 2135 dliquam
711 2063 766 2122 tibi
786 2062 889 2137 aliqud
910 2064 1000 2123 modo
1021 2062 1170 2124 Alictlnde
1199 2066 1254 2123 ali·

111 2175 234 2250 quando
256 2173 294 2232 ab
315 2170 412 2247 dlipui
430 2188 498 2246 spes
526 2179 569 2231 est
592 2170 665 2242 fo're
691 2188 804 2232 mecum
827 2170 988 2245 fortunam
1026 2170 1091 2253 (vel
1117 2169 1255 2232 fortasse

112 2294 153 2345 est
178 2283 295 2344 me'cum
325 2282 398 2355 sore
423 2278 583 2354 fortunam
615 2277 780 2361 aliquanto
813 2278 966 2366 suavius).
1019 2284 1137 2359 aliqrnd
1168 2280 1254 2342 enim

111 2390 188 2454 illud
221 2388 451 2472 interpolatum
479 2409 547 2452 esse
582 2409 619 2452 ex
654 2388 699 2451 eis
732 2411 813 2472 quae
846 2388 953 2472 paullo
992 2393 1065 2473 post
1103 2393 1254 2452 secuntur

112 2501 251 2564 viueur:
276 2501 393 2579 puppe
413 2501 444 2562 nt
458 2505 501 2563 mr
514 2505 632 2578 utputa
646 2502 749 2578 atiquo·
770 2503 858 2564 motu
880 2501 1022 2564 artearte
1042 2482 1254 2578 naumann·

110 2616 207 2676 blatis.
238 2648 280 2658 —
308 2608 456 2674 Ceterum
479 2612 607 2693 praeter
628 2608 799 2692 Epidicum
820 2608 904 2672 idem
928 2609 1112 2674 adverbium
1134 2609 1253 2693 glosso-

111 2720 254 2806 graphus
277 2721 383 2803 potuit
404 2742 421 2783 e
443 2718 542 2783 Persa
564 2723 597 2783 et
618 2718 806 2784 Trinummo
828 2703 1007 2804 excerpere.
1122 2778 1126 2784 ,

194 2832 237 2895 65
258 2836 429 2894 bombex:
457 2829 571 2894 Pseud.
595 2829 622 2912 Ι,
646 2831 677 2912 3,
704 2831 761 2894 131
786 2831 876 2917 (365)
900 2832 966 2894 Fir
989 2854 1012 2894 ::
1035 2836 1132 2895 balae
1156 2854 1179 2894 ::
1199 2833 1253 2906 sn-

109 2944 203 3020 pitice
226 2965 250 3005 ::
273 2946 402 3007 bombum
426 2964 449 3004 ::
468 2942 562 3018 fratis
579 2947 669 3020 popli
692 2965 716 3005 ::
738 2943 927 3021 planissume.

195 3052 236 3116 66
264 3058 435 3132 temperi:
473 3050 588 3115 Pseud.
611 3051 644 3133 Ι,
667 3053 703 3135 3,
731 3052 790 3116 153
818 3052 910 3138 (387)
938 3055 1067 3133 te'mperi
1092 3074 1148 3132 epo
1172 3055 1254 3129 fund

109 3171 196 3229 scies.
245 3161 367 3226 Eadem
399 3160 507 3247 glossa
541 3160 627 3224 infra
656 3161 740 3240 §80
772 3161 856 3227 redit
884 3184 901 3226 e
929 3162 1046 3227 Persae
1074 3163 1122 3244 ΙΙ,
1152 3163 1188 3244 2,
1212 3164 1252 3227 47

110 3274 203 3358 (229)
237 3276 374 3353 Temperi
393 3278 475 3335 hanc
496 3275 626 3350 uipildre
654 3284 785 3353 oportet3
813 3273 890 3336 item
919 3277 939 3353 β
964 3274 1020 3337 101
1046 3295 1064 3336 ε
1086 3273 1189 3337 Stichi
1211 3272 1252 3355 V,

109 3386 141 3467 2,
159 3386 178 3448 6
194 3383 285 3468 (654)
309 3394 341 3446 ut
362 3385 468 3446 cenam
491 3393 633 3460 coqueret
653 3384 790 3461 te'mperi.
821 3382 869 3446 De
891 3383 995 3447 forma
1011 3385 1082 3467 ipsa
1098 3384 1253 3447 advitam

108 3493 271 3575 Terentii,
295 3515 327 3576 p.
350 3492 410 3556 507
434 3513 502 3575 sqq.
530 3491 565 3554 in
587 3489 793 3555 Suetonianis
815 3492 1088 3576 Reifferscheidii‚
1112 3497 1179 3558 tam
1203 3515 1253 3556 ac-

110 3607 221 3669 curate
243 3602 296 3686 egi
325 3601 425 3685 (volui
454 3600 568 3665 saltem
595 3602 724 3687 agere),
755 3605 881 3668 utnon
904 3604 1039 3668 habeam
1061 3625 1148 3668 nunc
1171 3604 1253 3688 quod

110 3715 238 3780 addam.

195 3826 235 3889 67
258 3831 475 3903 cupienter:
497 3822 611 3886 Pseud.
636 3823 677 3906 ΙΙ,
695 3825 725 3906 3,
753 3827 789 3889 17
814 3826 905 3911 (683)
928 3830 1014 3905 patim
1038 3831 1112 3904 qaid
1132 3831 1255 3904 cupien-

108 3940 157 4001 te'r
179 3941 252 3999 dari
272 3937 404 3998 Petimus
426 3938 519 3997 nobis.
550 3931 671 3996 Eodem
694 3937 727 3997 et
741 3934 867 3998 Ennius
890 3958 964 4000 usus
985 3939 1070 4018 trag.
1087 3958 1117 3998 r.
1134 3935 1195 3998 337
1212 3933 1253 4018 V,

107 4054 243 4123 stultust,
273 4046 328 4124 qui
345 4050 449 4123 cupita
471 4044 595 4121 cripiens
616 4048 775 4123 cupienter
802 4052 902 4125 cupit,
941 4048 974 4108 et
996 4044 1114 4108 Accius
1137 4066 1167 4107 v.
1190 4044 1254 4108 543

110 4160 151 4223 R.
176 4170 230 4221 tua
253 4157 417 4236 Cupie'nter
438 4159 527 4217 malis
547 4156 681 4218 membra
703 4157 859 4235 discerpa't
879 4163 950 4220 suis.

194 4267 235 4332 68
263 4270 533 4331 nitidiuscule:
556 4262 671 4328 Pseud.
686 4265 746 4349 ΙΠ,
766 4267 830 4349 1,8
854 4266 944 4352 (774)
968 4277 1000 4330 ut
1020 4287 1112 4331 curer
1133 4269 1253 4330 tandem

108 4380 309 4445 nitididscule.
353 4376 463 4458 ipsum
490 4373 680 4439 adiectivurn
708 4383 938 4441 nitidiusculum
961 4388 1055 4456 caput
1083 4377 1253 4459 (sociatum

162 4516 207 4550 re·
226 4513 390 4549 musonem
410 4511 554 4548 orrscvuu
575 4513 607 4547 11.
642 4523 644 4529 v
1013 4479 1049 4541 17
1161 4517 1165 4528 ·
