2948 4994
447 374 671 425 eaossnmvu
694 372 908 420 eanvrmvn.
1186 356 1249 422 253

189 529 230 594 38
253 536 444 607 lurqiter:
467 527 563 591 Most.
586 526 638 608 ΙΙ,
663 527 693 610 2,
717 527 736 590 8
760 526 868 610 (438);
894 524 963 588 vida
986 524 1026 588 ad
1049 528 1069 604 §
1091 525 1144 589 30.

189 640 231 704 39
254 638 527 719 usquiut'Most.
551 637 594 720 ll,
617 637 649 719 2,
676 637 715 701 19
737 636 829 721 (499)
859 638 974 715 Vsquin
997 641 1139 701 volutati?
1168 634 1251 711 Quo-

106 773 178 815 cum
202 749 461 815 contendendum
484 748 583 812 Mera.
607 746 650 830 ΙΙ,
674 747 719 829 3,{
729 747 770 811 53
794 747 885 830 (373)
925 752 1062 825 Vsquene
1094 748 1251 832 (proquo

105 862 182 925 item
211 863 324 941 Vsquiu
347 859 565 943 scribendum)
595 864 737 924 valuisti?
781 855 953 921 Rationem
977 856 1044 920 eius
1073 855 1252 941 scripturas

105 971 262 1056 explicavi
285 970 388 1035 Musei
410 968 561 1033 Rhanani
582 972 606 1032 t.
629 967 692 1031 Vll
715 991 747 1052 p.
771 968 844 1032 577.

189 1082 235 1146 111
265 1080 521 1145 Truculento.
576 1079 619 1142 40
657 1082 831 1155 offatim:
868 1081 918 1142 ter
958 1077 1041 1142 redit
1072 1078 1106 1143 in
1141 1077 1252 1143 eadem

109 1214 227 1256 scaena
249 1190 434 1256 7151515111
457 1190 489 1255 ll
497 1240 505 1272 ,
531 1191 549 1255 7
574 1213 601 1253 v.
624 1189 676 1253 52.
700 1189 743 1253 60
764 1193 797 1253 at
819 1188 875 1253 64:
905 1192 1035 1253 Ve'rtum
1057 1210 1149 1255 uuum
1171 1195 1252 1254 adde

108 1307 199 1368 islo'c:
223 1309 282 1367 ium
305 1308 410 1367 hercle
424 1322 479 1380 eqo
495 1307 546 1365 led
558 1302 608 1364 lic
622 1306 682 1364 tac
697 1301 816 1380 offatim
838 1299 1052 1386 conficiam*):
1074 1339 1117 1350 —-
1137 1299 1251 1365 'Etiam

105 1421 201 1478 scelus
224 1415 284 1477 uiri
303 1420 460 1490 minitare,
492 1432 577 1491 quem
604 1413 661 1489 ayo
683 1418 744 1474 inm
767 1417 887 1491 offatim
910 1409 1171 1496 educr‘pe‘labo**):
1209 1449 1252 1459 -

107 1530 173 1588 lum
196 1527 253 1601 e'qo
274 1535 303 1587 te
323 1529 373 1586 tic
395 1523 513 1604 offatim
536 1528 695 1597 conficiam
719 1542 745 1584 e.
770 1542 801 1604 q.
825 1543 850 1584 s.
883 1519 1016 1595 ‘Quibus
1043 1520 1121 1585 locis
1149 1522 1250 1586 omni·

106 1635 164 1697 bus
187 1640 306 1715 offatim
335 1633 420 1697 solus
448 1632 589 1696 servavit
609 1630 728 1713 Vetus,
753 1638 873 1712 affatim
896 1634 1034 1716 peccant
1054 1631 1249 1697 Decurtatua

107 1747 139 1808 et
160 1743 339 1808 Vaticanus
362 1765 434 1807 cum
456 1741 548 1806 libris
570 1742 765 1807 traducibus,

190 1855 231 1918 41
255 1861 443 1932 lurqiler:
466 1853 561 1917 Truc.
578 1852 626 1936 V,
653 1854 706 1917 ll:
736 1852 808 1918 vida
831 1854 870 1919 ad
894 1857 914 1935 §
936 1854 988 1919 30.

192 1964 237 2028 In
258 1964 495 2029 Trinummo.
540 1963 592 2027 42.
608 1964 650 2028 43
673 1971 793 2047 nevis,
817 1973 962 2030 neuult:
985 1963 1076 2047 ΙΙ,·2,
1092 1965 1133 2031 47
1157 1966 1249 2052 (328)

107 2080 140 2139 et
161 2075 204 2158 Π,
228 2077 259 2157 2,
283 2075 324 2140 82
346 2075 435 2159 (361)
458 2074 508 2138 vel
531 2073 573 2139 85
595 2075 703 2158 (364);
725 2074 797 2140 vida
822 2075 863 2139 ad
886 2079 905 2155 ,ὅ
928 2075 980 2139 28.
1133 2140 1137 2147 ,

191 2187 234 2249 44
255 2193 552 2250 nudiussextus:
576 2184 793 2268 Τ1111.1Π,2,
815 2185 871 2248 101
893 2185 1001 2270 (727),
1018 2186 1089 2250 uida
1104 2185 1179 2267 ad§
1199 2188 1247 2251 17.

191 2297 233 2372 45
270 2317 385 2374 usque
412 2302 516 2360 modo
539 2296 619 2379 (sive
642 2303 821 2375 usquemodo
843 2295 944 2360 uoluit
965 2296 1248 2382 glossographus):

108 2407 287 2471 Trinummi
309 2405 366 2488 IV,
393 2410 427 2488 1,
452 2406 471 2470 8
495 2406 585 2491 (827)
616 2409 694 2470 Na'm
718 2414 774 2486 pol
797 2413 955 2485 placidum
978 2418 1007 2470 le
1027 2410 1057 2470 el
1077 2415 1249 2472 clementem

108 2540 143 2581 eo
164 2521 261 2597 usque'
278 2523 367 2581 modo
388 2530 420 2581 ut
440 2523 524 2581 uolui
543 2518 612 2581 usus
633 2538 698 2582 sum
721 2524 751 2580 iu
768 2524 840 2581 alto.
872 2515 935 2579 Vbi
958 2516 986 2579 51
1008 2515 1062 2580 illa
1084 2518 1119 2580 in
1142 2516 1249 2581 codice

109 2649 165 2691 suo
187 2628 288 2709 idem,
312 2627 394 2711 quod
423 2648 481 2691 nos
503 2649 591 2691 nuno
613 2627 750 2712 legimus
772 2627 807 2690 in
829 2626 1004 2710 Palatinis,
1034 2627 1160 2691 invenit
1177 2634 1248 2707 plu·

108 2744 177 2803 cido
191 2750 220 2803 te
234 2750 263 2802 et
277 2744 414 2802 clementi
434 2759 498 2802 meo
520 2759 612 2818 usque
633 2744 732 2815 modo,
758 2759 870 2802 caussa
891 2740 982 2822 patet
1005 2760 1061 2802 cur
1082 2737 1121 2802 da
1143 2760 1248 2817 usque-

108 2855 196 2913 modo
219 2848 368 2913 adverbio
392 2849 534 2933 cogitare
557 2847 769 2913 inconsultius
791 2848 941 2933 potuerit.

192 2959 234 3023 46
255 2966 434 3035 saeuieer:
457 2959 638 3023 Trinummi
659 2958 717 3041 IV,
734 2960 765 3041 3,
781 2960 823 3024 53
846 2960 959 3044 (1060)
982 2981 1011 3038 a,
1036 2960 1159 3026 uarium
1176 2965 1247 3026 Seu-

106 3078 179 3135 sr'me
199 3073 341 3135 saturer.
380 3069 502 3134 Fladem
524 3070 633 3155 glossa
655 3070 742 3135 infra
764 3071 847 3135 redit
869 3074 889 3151 ξ
912 3070 955 3135 50
976 3070 1191 3155 ePoenuliI,
1215 3073 1246 3156 2,

110 3180 1247 3275 122(337)α,111111511ευὶ711,1151118745Ρ55111111117,2,3(1290)

10 3370 13 3375 ,
106 3295 238 3356 saeviter
258 3293 447 3355 blandimur
468 3295 523 3356 a'dl
523 3312 695 3371 oquarn-
725 3290 873 3356 Ceterum
896 3293 1047 3377 quoniam
1070 3293 1161 3357 adv
1185 3292 1246 3358 827

107 3405 233 3486 spectat
254 3424 335 3486 quae
357 3402 522 3487 praecedit
545 3409 724 3482 usquemodo
747 3402 870 3488 glossa,
894 3404 934 3467 ad
958 3427 986 3467 v
1010 3403 1071 3468 891
1095 3425 1177 3488 quaa
1199 3404 1247 3468 in·

107 3513 250 3597 sequitur
267 3534 352 3593 pua,
378 3516 434 3577 aut
462 3512 579 3596 aliquid
607 3514 771 3578 turbatum
794 3514 898 3577 estin
920 3514 1032 3579 ordine
1054 3514 1245 3599 glossarum,

107 3635 164 3687 aut
190 3629 320 3688 saeviter
345 3645 451 3687 nona
479 3646 508 3687 v.
536 3623 618 3688 1060
645 3628 846 3708 excerptum,
881 3625 936 3688 sad
964 3647 1002 3690 ax
1031 3625 1076 3689 ais
1104 3625 1247 3690 versibus

107 3756 185 3818 quos
213 3737 286 3818 post
315 3734 377 3798 879
410 3734 611 3798 intercidisse
642 3735 821 3818 suspicatus
850 3758 920 3800 snm
948 3735 1075 3820 Proleg.
1100 3759 1131 3820 p.
1157 3734 1245 3799 XXI.

174 4024 200 4092 *)
222 4025 281 4079 Nisi
298 4025 337 4079 sic
354 4025 447 4096 potius
469 4025 706 4098 transponendum
726 4028 779 4082 eat:
817 4025 938 4086 Va'rbum
957 4028 1030 4086 adde
1048 4031 1119 4087 istoc
1137 4030 1247 4088 riuum:

106 4122 164 4176 inm
181 4120 278 4176 terete
296 4138 346 4188 eqo
364 4129 390 4176 te
408 4121 455 4177 aa
472 4123 526 4178 tac
544 4122 653 4192 offatim
671 4126 827 4192 confictum.
863 4120 918 4175 Vbi
943 4123 1081 4192 officium,
1112 4123 1186 4192 quod
1205 4127 1247 4179 ast

106 4214 135 4266 in
154 4211 297 4277 Palatinis,
316 4219 470 4267 correctum
488 4218 530 4269 cst
548 4231 562 4268 e
580 4233 605 4269 v.
626 4221 667 4270 64.
1189 4271 1190 4274 ,

174 4307 215 4374 **)
238 4307 270 4359 In
293 4306 397 4361 eisdem
418 4301 502 4362 libris'
514 4316 557 4362 eat
578 4327 658 4377 quem
676 4328 726 4379 eqo
744 4313 853 4381 offatim
871 4314 996 4382 (affatim
1014 4311 1091 4379 Dec.)
1115 4316 1171 4368 ium
1189 4316 1245 4370 iam

105 4405 162 4458 ium
181 4403 362 4469 concipilato.
448 4408 450 4411 ’
847 4418 850 4424 “
