2946 5010
235 326 298 390 386
517 342 757 403 stnsmosns
780 342 1087 408 roeoaaseurosn.

235 505 339 560 torum
373 496 563 560 coniecturis
596 498 726 560 vexatos
759 497 806 560 sie
837 518 902 560 non
925 495 1124 559 incommode
1146 497 1180 558 et
1206 495 1383 560 levioribus

234 607 344 670 naevis
368 610 401 669 et
422 608 569 690 graviore
591 607 840 690 interpolatione
865 606 1002 671 liberare
1024 606 1183 671 videmur:

285 763 318 811 45
361 756 440 815 Nam
461 761 541 817 nime
562 758 705 816 lenonum
727 761 757 815 ct
779 761 945 815 scortorum
966 756 1014 814 hic
1036 756 1105 831 plus
1128 761 1173 815 est
1199 757 1272 829 lere,

360 841 455 910 Quam
479 844 550 901 olim
572 847 780 913 muscarumst,
804 862 895 918 quom
918 843 1031 901 caletur
1052 861 1200 900 maxume.
1358 838 1359 841 ’

187 918 215 967 ll
359 927 436 984 Nam
458 930 483 986 si
505 948 654 1004 nusquam
677 928 748 986 alibi
771 931 850 1000 sunt,
874 929 984 985 circum
1007 928 1252 1003 argentarias

360 1010 451 1080 Quasi
475 1057 481 1071 .
506 1057 513 1071 .
538 1057 568 1071 ..
593 1058 600 1070 .
624 1057 631 1070 .
656 1057 662 1070 .
687 1058 694 1070 .
719 1057 725 1069 .
750 1056 756 1069 .
781 1057 788 1070 .
811 1013 917 1071 sedent
940 1012 1072 1070 cottidie.

359 1097 404 1154 Ea
426 1099 550 1158 nimiast
571 1099 665 1156 ratio:
695 1098 809 1173 quippe
832 1099 884 1173 qui
910 1100 989 1156 certo
1013 1097 1083 1169 scio,

283 1187 318 1237 50
361 1181 465 1258 Triplo
487 1184 530 1241 ibi
554 1184 621 1258 plus
644 1186 809 1242 scortorum
833 1202 896 1241 esse
918 1183 977 1240 iam
1000 1202 1090 1258 quam
1112 1184 1294 1257 ponderum.

359 1266 439 1336 Quas
462 1269 584 1344 quidem
606 1288 696 1344 quam
718 1287 787 1325 nam
810 1267 932 1325 adrem
955 1267 1050 1325 dicam
1078 1269 1110 1325 in
1139 1270 1381 1345 argentariis

357 1352 479 1410 Referre
501 1354 613 1425 haberi,
635 1354 694 1411 nisi
716 1372 771 1428 pro
794 1353 916 1425 tabulis,
939 1353 1048 1425 nescia,

358 1436 419 1495 Vbi
442 1458 510 1496 aera
532 1438 755 1514 perscribantur
776 1434 957 1514 usuraria.*)

297 1655 323 1722 *)
340 1652 373 1707 V.
394 1660 426 1709 45
444 1652 609 1707 inseruimus
626 1655 681 1710 dic.
701 1683 733 1692 —
750 1652 783 1707 V.
796 1658 830 1720 ,tt
848 1652 912 1708 libri
930 1652 1027 1723 scripti
1045 1653 1183 1707 collocant
1200 1656 1267 1723 post
1289 1660 1333 1708 4⁷.
1348 1685 1379 1693 -

228 1746 261 1801 V.
280 1753 312 1800 47
332 1748 405 1803 Nom
423 1765 562 1816 nusquam
581 1749 649 1804 olibi
665 1752 692 1805 si
708 1756 777 1804 sunt
794 1747 910 1812 codices,
927 1746 945 1800 i.
959 1764 983 1800 e.
997 1745 1116 1801 Palatini
1135 1764 1199 1800 cum
1211 1746 1376 1801 Vrsiniano:

228 1856 294 1893 nam
312 1839 465 1895 deteriores
484 1856 539 1895 non
558 1857 690 1895 curamus.
721 1871 753 1880 -
780 1838 883 1894 Versus
900 1845 933 1894 48
951 1840 979 1893 in
998 1839 1102 1894 eisdem
1120 1841 1191 1894 haee
1209 1841 1304 1894 torma
1322 1843 1376 1894 cst:

228 1934 325 1990 Scorti
341 1935 457 1991 testones
478 1938 562 2003 quasi
579 1937 679 1992 sedent
695 1936 797 1992 cotidie
815 1936 938 2001 (cottidie
955 1933 1062 2002 Vetus).
1097 1934 1216 1987 Prorsus
1233 1933 1377 2003 ineptiunt

229 2027 275 2094 qni
298 2044 315 2080 a
332 2027 448 2095 urlgata
469 2044 494 2080 v.
514 2033 547 2080 50
569 2028 706 2097 scriptura
728 2032 798 2086 Acri
817 2029 883 2096 plus
901 2035 1063 2085 scortorum
1079 2027 1200 2096 profecti
1218 2034 1319 2084 scorto
1337 2028 1374 2080 in-

227 2121 419 2189 terpretantur
437 2119 609 2174 adulterinos
626 2138 765 2188 nummos,
785 2125 874 2179 scorti
891 2123 1007 2178 lenones
1026 2121 1120 2174 autem
1142 2121 1273 2189 intellegi
1291 2137 1375 2190 posse

227 2214 402 2282 argentarios
421 2214 560 2268 somniant
577 2214 639 2267 istis
657 2214 777 2294 nummis
796 2216 912 2268 utentes.
936 2213 1025 2267 Multo
1043 2213 1219 2283 probabilius
1238 2214 1374 2279 Osannus,

227 2324 307 2375 equo
320 2307 592 2377 pendetGoellerus:
610 2309 720 2366 Scortis
732 2311 849 2365 lenones
865 2312 949 2378 quusi
965 2316 1083 2365 scatent.
1119 2306 1175 2361 Sed
1192 2309 1291 2362 tamen
1309 2308 1372 2361 sim-
1455 2348 1457 2352 .

225 2400 336 2469 plicitas
354 2400 496 2469 cogitandi
514 2417 569 2454 non
587 2401 655 2455 illud
674 2404 705 2454 ut
723 2401 832 2455 dicatur
849 2401 981 2470 postulat,
1000 2399 1098 2455 scortis
1115 2400 1231 2456 affluere
1250 2401 1373 2465 lenones,

225 2511 321 2548 verum
338 2493 393 2548 hoc
409 2494 510 2564 potius,
528 2494 642 2550 affluere
660 2495 753 2548 locum
769 2494 847 2548 illum
865 2497 895 2549 et
912 2494 1009 2549 scortis
1024 2495 1053 2548 et
1064 2494 1219 2561 lenonibus,
1238 2512 1324 2564 quem
1337 2495 1371 2549 ad

225 2588 338 2642 modum
357 2595 453 2645 scorta
471 2596 498 2645 et
515 2590 632 2646 lenones
655 2589 698 2641 bis
717 2589 801 2642 antea
816 2588 946 2642 iunxerat
962 2589 1048 2657 poeta
1065 2606 1089 2641 v.
1109 2593 1142 2643 43
1160 2590 1190 2642 et
1207 2595 1249 2642 tt.
1288 2587 1371 2642 Scali-

225 2698 323 2749 gernm
341 2683 435 2735 autem
454 2684 483 2735 ct
500 2680 630 2735 Bothium
648 2682 671 2735 si
689 2699 850 2748 sequamur,
869 2683 971 2739 Scorto
989 2690 1017 2738 et
1034 2682 1151 2739 lenones
1170 2687 1256 2750 quasi
1272 2685 1372 2740 sedent

225 2778 348 2844 quotidie
366 2774 531 2841 scribentes,
550 2793 650 2844 parum
668 2777 792 2844 prolecto
811 2780 895 2845 qrrosr'
911 2775 1050 2845 particula
1068 2774 1141 2845 quid,
1152 2774 1205 2828 sibi
1222 2776 1294 2830 velit
1311 2793 1371 2845 per·

225 2868 386 2936 spiciamus;
410 2885 494 2935 quarn
516 2869 539 2922 si
561 2869 634 2923 forte
657 2869 693 2922 ad
716 2872 838 2939 qrtotidie
856 2869 1029 2935 rettulerint,
1057 2886 1092 2923 ne
1109 2868 1163 2922 hoc
1181 2868 1297 2938 quidem
1315 2886 1369 2922 uon

224 2977 327 3028 magno
346 2977 429 3029 opere
447 2961 581 3029 langueat
598 2979 666 3031 prae
689 2962 820 3031 simplicis
842 2965 964 3032 quotidie
982 2962 1057 3016 vocis
1075 2962 1159 3032 longe
1177 2963 1286 3017 maiore
1308 2979 1369 3031 gru·

224 3052 323 3107 vitate:
346 3057 377 3107 ut
394 3057 504 3108 taceam
522 3055 556 3109 de
576 3055 764 3110 collocationis
785 3056 942 3113 insolentia.
978 3055 1054 3125 Ergo
1073 3060 1162 3113 scorti
1178 3058 1299 3114 1050505
1317 3057 1368 3110 etsi

224 3165 239 3200 0
257 3154 354 3204 scorto
372 3156 399 3204 ct
417 3150 534 3206 lenones
551 3165 602 3202 nos
615 3166 725 3218 quoque
744 3153 836 3203 ortum
853 3151 992 3219 putamus,
1010 3151 1106 3204 tamen
1117 3149 1188 3204 haec
1199 3149 1263 3223 ipsa
1275 3151 1369 3215 verba,

224 3241 276 3294 nisi
293 3241 422 3308 fadbnur,
442 3243 478 3296 ab
496 3241 648 3312 interprete
666 3245 775 3297 tantum
794 3243 935 3313 adscripta
952 3245 1016 3297 sunt
1033 3246 1133 3302 sedent
1151 3243 1248 3310 verbe,
1266 3244 1294 3297 in
1307 3260 1369 3299 con·

222 3336 381 3389 5155555οω
399 3337 494 3389 autem
512 3352 607 3390 versus
623 3339 729 3392 temere
748 3336 882 3403 immissa,
906 3339 937 3390 ut
955 3334 1115 3406 saepissime
1133 3338 1255 3404 factum,
1277 3337 1307 3390 id
1325 3355 1368 3392 ex·

222 3429 365 3499 pulcrunt,
383 3430 419 3482 ed
438 3431 513 3497 quod
530 3431 683 3499 pertineret
700 3436 791 3501 quasi.
827 3430 924 3498 Velut,
946 3432 978 3484 ut
1000 3429 1114 3497 aliquod
1137 3431 1299 3500 exemplum
1321 3447 1368 3501 po-

184 3613 186 3617 .
222 3539 332 3577 'mmm'
460 3592 543 3656 0555
563 3594 683 3661 [macae
701 3593 730 3647 sn
747 3594 828 3660 lacte,
847 3591 1130 3662 castanearios:

221 3711 265 3765 vel
284 3709 445 3780 cuicumque
464 3713 504 3766 rei
523 3719 678 3766 scortorum
700 3710 886 3779 frequentiam
908 3727 1085 3781 comparasse
1107 3712 1223 3780 poetam
1244 3713 1367 3782 putabis.

221 3804 264 3857 Ad
282 3805 341 3859 5015
360 3805 433 3859 enim
452 3809 545 3860 scorta
562 3806 618 3859 iam
638 3805 726 3860 oratio
750 3804 933 3870 convertitur,
951 3805 1083 3874 quoniam
1099 3804 1212 3857 illorum
1231 3807 1370 3875 primaria

220 3898 248 3950 iu
266 3899 320 3952 hoo
337 3915 439 3967 genere
457 3899 547 3966 notio,
570 3899 707 3953 secundae
731 3901 841 3952 tantum
864 3900 958 3966 partes
975 3899 1112 3952 lenonum.
1136 3926 1171 3938 -
1192 3896 1227 3952 V.
1248 3906 1282 3953 50
1304 3903 1368 3958 Tri-

221 3992 287 4059 [plo]
309 3994 375 4060 plus
398 4000 416 4045 c·
432 3992 557 4047 codicum
575 3994 709 4046 memoria
734 3994 789 4048 Eri
806 3994 874 4061 ptus
896 3991 1040 4061 praeclare
1063 3990 1155 4045 effecit
1177 3990 1368 4049 Camerarius.

220 4083 279 4138 Nisi
297 4085 372 4152 quod
390 4103 445 4139 non
463 4087 531 4140 illud
549 4087 616 4140 dicit
633 4086 806 4151 Diniurehus,
825 4086 937 4139 omnino
954 4085 1016 4154 plus
1029 4087 1183 4138 scortorum
1197 4104 1285 4155 quam
1299 4107 1367 4159 pon-
1407 4087 1422 4107 ⁸

220 4178 318 4231 derum
336 4195 408 4245 esse,
432 4179 481 4233 sed
500 4197 584 4249 quam
605 4180 759 4249 ponderum
781 4180 810 4232 in
829 4179 1008 4248 argentariis:
1040 4182 1213 4248 quapropter
1232 4183 1272 4239 itt
1288 4183 1369 4237 addi·

221 4270 318 4324 dimus.
355 4272 469 4326 Frustra
486 4274 539 4327 luit
556 4274 663 4344 Lipsius
687 4276 751 4327 Ant.
771 4274 833 4327 leet.
854 4272 886 4339 V,
906 4281 921 4326 3
940 4277 1003 4329 ueri
1019 4274 1085 4340 pius
1102 4272 1236 4342 suadens,
1267 4278 1297 4328 et
1316 4294 1369 4345 per

221 4382 250 4416 sc
269 4365 397 4432 alrsurde,
416 4373 444 4420 et
461 4370 492 4420 ut
510 4368 604 4437 priora
621 4368 681 4420 illa:
700 4385 735 4424 ea
755 4371 871 4424 nimiast
889 4371 971 4431 rullo,
990 4370 1091 4435 qreippe
1109 4371 1158 4436 qtti
1176 4410 1180 4419 .
1204 4412 1209 4420 .
1232 4413 1236 4421 .
1259 4413 1263 4420 .
1285 4386 1368 4437 pror—
