2946 5010
447 313 493 358 ou
516 314 688 362 ruueums
711 314 793 360 rom
816 311 962 360 nouem.
1209 293 1272 357 385

605 504 727 601 Caput
751 503 797 578 Π.

358 663 363 679 ’
398 663 455 732 De
483 661 660 733 tabernis
686 660 762 733 fori
787 654 1005 754 Romanil‘).

211 849 391 914 Identidem
418 851 598 933 quaesitum
626 853 675 913 est
703 849 743 913 ab
767 849 970 933 antiquitatis
993 848 1163 912 Plautinae
1186 868 1271 911 scru-
1291 862 1321 910 ul

125 960 295 1042 tatoribus,
319 963 438 1043 utrum,
463 983 543 1045 quac
566 965 640 1045 post
662 960 922 1024 (luroulionis
951 964 1057 1023 actum
1080 959 1210 1023 tertium
1233 958 1273 1021 ad

127 1070 293 1155 parabasis
310 1070 452 1134 Graecae
468 1071 609 1154 aliquam
631 1069 873 1134 similitudinem
896 1071 1066 1134 interiecta
1089 1072 1138 1133 est
1156 1090 1274 1133 scaena

125 1182 268 1246 locorum
292 1181 592 1245 commemoratione
620 1180 788 1264 notabilia,
818 1182 880 1264 ipsi
902 1180 1001 1244 tribui
1023 1183 1147 1263 poetae,
1171 1179 1274 1263 qualis

126 1293 255 1377 quidem
277 1314 364 1356 nnnc
386 1290 539 1375 habetur,
569 1313 670 1355 necne
693 1295 798 1375 queat.
845 1293 952 1375 Atque
974 1291 1130 1375 quaedam
1153 1312 1272 1371 eorum,

126 1426 209 1488 quae
228 1424 305 1466 num
324 1401 431 1465 Plauti
454 1404 559 1465 aetate
582 1402 711 1466 omnino
728 1401 892 1486 potuerint
915 1424 934 1464 a
957 1422 1116 1485 quoquam
1140 1421 1274 1465 comme·

126 1514 245 1578 morari
266 1513 333 1576 iure
353 1512 480 1576 videtur
494 1512 674 1575 dubitatum
691 1534 769 1595 esse,
794 1512 872 1575 alibi
888 1513 951 1575 iam
967 1511 1134 1595 tetigimus
1151 1510 1274 1598 [Parer-

127 1646 194 1708 gon
210 1628 234 1688 t.
251 1624 266 1686 Ι
290 1647 321 1707 p.
338 1623 398 1686 20?
415 1624 496 1705 sq.]:
519 1622 606 1686 velut
617 1623 700 1706 quod
715 1629 859 1688 basilicae
873 1623 994 1686 mentio
1009 1622 1047 1686 fit
1068 1645 1098 1687 v.
1119 1624 1151 1685 ll
1175 1619 1272 1708 [dltl.

130 1735 204 1798 Alia
232 1733 368 1817 amplius
396 1733 457 1796 sibi
485 1735 622 1816 poscmrt
650 1733 851 1817 disceptandi
886 1734 1041 1817 spatium:
1078 1755 1177 1796 unum
1206 1752 1274 1794 esse

129 1845 196 1908 eius
214 1844 300 1906 modi
322 1847 484 1927 putemne,
508 1830 545 1906 ut
567 1866 604 1906 ea
620 1842 788 1925 brevitate,
813 1831 893 1928 quae
916 1844 1007 1908 decet
1029 1843 1144 1906 horum
1166 1863 1275 1926 prooe-

129 1955 265 2018 miorum
292 1953 496 2024 modestiam,
527 1953 669 2037 expediri
698 1955 808 2037 possit.
859 1954 1005 2038 Namque
1040 1954 1124 2038 quod
1157 1952 1276 2036 legitur

131 2088 159 2127 v.
188 2066 225 2128 19
250 2063 355 2153 [areop

173 2188 250 2281 Sub
271 2223 478 2296 veteribus,
512 2224 554 2281 ibi
577 2226 648 2282 sunt
670 2225 722 2298 qui
745 2225 819 2282 dant
842 2225 954 2299 quiquo
983 2223 1135 2297 accipiunt
1157 2222 1273 2280 fenore:

130 2372 163 2434 id
194 2372 300 2453 ipsum
331 2371 394 2434 fuit
426 2373 480 2455 qui
509 2393 638 2454 prorsus
673 2371 844 2435 abhorrere
868 2395 891 2435 a
909 2346 1061 2434 Plautina
1084 2373 1190 2433 aetate
1213 2369 1274 2432 sibi

131 2481 346 2565 persuaderet,
364 2482 514 2546 Osannus
527 2482 708 2546 Analecton
727 2482 798 2546 crit.
812 2505 844 2566 p.
865 2483 923 2546 188
940 2504 986 2565 sq.
1018 2479 1168 2543 Nondum
1189 2479 1275 2543 enim

132 2591 195 2654 illis
210 2592 418 2675 temporibuS‚
442 2593 572 2676 quaein
588 2597 722 2677 utraque
737 2602 829 2676 parte
844 2592 905 2656 sori
920 2591 1059 2655 Romani
1079 2591 1148 2654 lab
1158 2612 1276 2653 ornae

131 2702 272 2783 fuerunt,
296 2714 427 2767 veterum
451 2712 482 2765 ct
504 2725 650 2768 noverum
673 2702 889 2786 appellatione
912 2702 1081 2766 distinctas
1115 2722 1183 2764 esse
1206 2722 1277 2763 eum

132 2812 247 2875 chivii
269 2813 374 2876 verbis
397 2835 552 2896 apparere
575 2812 647 2877 libri
663 2813 783 2895 XXVI,
808 2814 864 2877 27:
886 2819 989 2877 eodem
1012 2825 1145 2893 tempore
1166 2823 1277 2891 septem

131 2927 288 3001 tabernae,
313 2944 391 3001 errae
410 2935 515 3003 postea
537 2930 676 3006 praeque,
700 2930 955 3004 elementariae,
978 2944 1058 3003 quae
1079 2944 1159 2987 nuuc
1182 2943 1278 2987 novoe

133 3039 340 3112 appellentur,
375 3055 492 3097 arsere:
526 3038 596 3097 tum
629 3055 667 3097 ex
699 3055 751 3117 ec,
787 3035 870 3117 quod
892 3034 977 3117 apud
999 3034 1104 3117 ipsum
1127 3033 1277 3097 Plautum

134 3141 261 3226 Epidici
294 3142 337 3226 Il,
360 3143 391 3225 2,
419 3144 457 3206 15
489 3165 555 3207 non
577 3147 720 3208 veterum
754 3143 1277 3227 ee110varum‚seu1anienarum

133 3263 166 3315 et
188 3253 444 3337 argentariarum
467 3255 625 3338 oppositio
646 3255 718 3318 fiat:

271 3395 328 3452 Per
349 3396 518 3469 myropolia
540 3399 570 3453 et
591 3395 725 3454 laniones
751 3397 921 3472 circumque
944 3398 1139 3472 argentarios,

133 3517 305 3600 eodemque
327 3525 577 3595 cementariorum
610 3518 739 3581 nomine
762 3539 863 3580 novae
885 3517 959 3581 illae
982 3519 1079 3581 etiam
1102 3518 1135 3581 in
1153 3504 1278 3580 ‘Trucu-

134 3627 222 3689 lento
244 3629 531 3690 commemorentur
553 3628 578 3710 Ι,
606 3631 634 3710 1,
657 3610 699 3692 45
714 3649 782 3711 sqq.
828 3626 913 3701 Quos
935 3649 1046 3691 versus
1067 3627 1176 3690 multis
1198 3626 1277 3688 mirl-

202 3867 228 3935 *)
264 3866 450 3935 [Prooemium
479 3861 580 3919 Indicis
611 3864 768 3921 scholarum
798 3866 966 3922 aestivarum
996 3863 1181 3919 Bonnensium
1211 3862 1276 3916 anni

134 3957 376 4015 cloloccexuv.
401 3989 434 3997 -
457 3959 570 4012 Partem
593 3973 701 4027 corum,
726 3978 797 4028 quae
819 3961 872 4014 hac
895 3958 1128 4013 commentatione
1146 3955 1276 4010 tractavi-

50 4064 68 4083 ‘
134 4071 205 4118 mus,
223 4052 388 4108 retractavit
404 4068 494 4121 nuper
511 4052 544 4108 H.
564 4051 730 4107 Iordauus
753 4053 872 4107 Hermae
890 4054 943 4107 vol.
964 4053 988 4106 ll
1008 4071 1034 4121 p.
1054 4057 1087 4105 89
1106 4068 1180 4119 sqq:
1215 4067 1277 4103 con-

133 4150 180 4201 tra
206 4144 291 4214 quern
317 4145 380 4199 vide
403 4145 432 4199 L.
458 4144 663 4198 Vrlichsium
690 4145 894 4215 disputantem,
923 4145 958 4198 de
985 4144 1156 4199 Curculiouis
1183 4145 1277 4198 autem

132 4255 238 4294 scaena
264 4239 394 4293 universo
416 4240 474 4293 tam
503 4238 597 4291 subtili
620 4256 703 4306 quam
727 4242 803 4292 recto
831 4238 932 4292 iudicio
956 4238 1162 4292 existimantem
1189 4235 1277 4290 Musei

131 4333 223 4386 Rhen.
244 4333 264 4383 t.
285 4330 374 4384 XXlll
392 4331 523 4385 fasciculo
541 4330 651 4399 primo]

186 4454 231 4488 FB·
253 4452 416 4486 mesenum
436 4451 580 4486 OPVSCVLA
598 4453 630 4486 11.
1031 4419 1072 4483 25
