2946 5010
458 312 675 374 vxnmoqvm
698 314 886 362 rnavvmn.
1167 299 1240 375 Χ431

98 466 153 530 vix
176 488 276 530 unum
300 469 395 551 alque
418 466 554 530 alterum
582 467 788 532 ratiocinatio
815 470 927 535 nostra
953 466 1111 551 reliquum
1132 467 1241 531 faciet.

97 577 202 652 Quam
225 576 363 641 exordiri
386 576 426 641 ab
448 585 645 657 expuriqatio
666 577 868 642 substantivo
883 577 1037 660 volumus,
1062 600 1125 661 qua
1140 577 1243 642 forma

97 686 222 751 adscita
258 687 382 751 duobus
411 687 530 772 Amph.
561 687 626 771 III,
650 689 688 771 3,
715 688 755 752 10
785 684 870 775 [965]
904 691 937 752 et
964 687 1062 752 Mero.
1092 686 1133 771 V,
1157 690 1193 771 3,
1221 691 1243 752 4

98 793 187 883 [960]
210 797 354 867 versibus
384 798 586 863 concinnitas
614 820 818 862 numerorum
846 797 934 884 nullo
960 798 1011 862 vel
1038 800 1169 883 negotio
1192 799 1242 862 vel

96 907 234 972 artificio
249 907 403 989 redditur,
426 930 522 993 quam
544 913 580 973 ut
602 908 881 993 redipiscerentur,
903 908 971 972 illie
993 921 1026 973 at
1047 909 1239 993 particulam
1256 923 1287 972 lx

96 1019 344 1102 praemiserunt,
360 1017 413 1082 hic
429 1030 462 1082 at
476 1019 510 1082 in
527 1032 574 1084 ast
588 1019 725 1082 formam
740 1023 908 1084 mutarunt
923 1019 1061 1083 alienam
1076 1041 1095 1083 a
1109 1019 1240 1084 Plauto:

226 1159 328 1218 thui
351 1161 625 1238 expurigationem:
648 1162 729 1219 faeta
752 1181 810 1236 pax
832 1164 886 1220 est.
930 1156 1112 1236 'Optumest

225 1240 277 1303 'At
300 1263 355 1321 ego
379 1246 638 1323 expurigationem
660 1247 794 1319 habebo,
817 1251 853 1304 ut
874 1267 911 1304 ne
933 1251 1112 1306 suscenseat.

96 1375 173 1440 Non
195 1375 301 1440 minus
325 1376 503 1441 evidentiae
525 1383 713 1456 eapuripare
740 1377 829 1442 verbi
856 1378 1002 1462 exempla
1030 1379 1091 1441 duo
1119 1379 1241 1442 habent

84 1507 181 1570 ¹quae
208 1489 284 1550 sunt
310 1486 344 1550 in
373 1485 477 1551 Milite
507 1486 647 1571 glorioso
674 1510 703 1550 v.
726 1487 788 1552 497
812 1490 845 1552 et
866 1487 939 1553 517.
984 1487 1028 1551 Et
1055 1489 1240 1573 posterioris

98 1596 227 1680 quidem
249 1596 384 1681 simplex
407 1597 568 1662 restitutio
591 1600 654 1662 est:
1152 1615 1164 1632 ⁸

226 1739 274 1797 Me
297 1740 474 1817 expurigare
495 1740 569 1798 haee
590 1739 647 1798 tibi
669 1739 790 1799 videtur
812 1740 951 1817 aequius:

97 1869 153 1935 ubi
176 1875 252 1935 Med
269 1891 449 1951 expurpare
469 1869 615 1935 Bothius
652 1870 690 1934 In
713 1871 818 1954 priore
842 1876 959 1954 autem,
983 1871 1036 1955 qui
1059 1871 1112 1936 hie
1135 1872 1239 1937 estin

96 1980 204 2046 libris:
228 1979 306 2046 Sce'.
332 1986 521 2061 Expurqare
549 1988 615 2046 volo
636 2002 690 2045 me.
719 1987 799 2045 PER.
827 1993 899 2046 tunc
920 1993 949 2046 te
975 2004 1129 2063 expurpes
1155 1990 1237 2062 mihi,

98 2114 171 2156 eum
194 2092 307 2157 vitiosa
329 2092 512 2176 oxytonesis
535 2091 630 2175 primi
653 2091 799 2156 vocabuli
822 2092 1043 2156 violentiorem
1064 2087 1239 2178 transposi-

97 2203 219 2267 tionem
258 2209 333 2269 Volo
360 2224 407 2267 me
437 2224 616 2283 expurpare
646 2203 806 2286 requirere
838 2203 908 2266 visa
934 2205 1032 2284 esset,
1066 2226 1154 2267 nune
1182 2227 1239 2268 sua

96 2315 212 2397 sponte
234 2316 369 2398 apparet
391 2336 457 2378 non
479 2315 603 2377 mutato
625 2313 736 2377 ordine
758 2313 926 2376 verborum
939 2334 1053 2376 sanum
1069 2315 1102 2376 et
1116 2314 1239 2378 salvum

95 2424 216 2488 senarii
243 2425 439 2509 principium
466 2424 593 2508 prodire
622 2424 822 2503 Exprlrr'pare
849 2426 914 2487 ao'lo
942 2444 997 2488 me.
1042 2422 1135 2487 Vnde
1166 2446 1238 2488 eon·

95 2555 231 2618 sequens
254 2538 303 2598 est
324 2535 468 2618 profecte
490 2538 527 2597 ut
542 2533 682 2598 eiusdem
697 2533 837 2597 notionis
854 2533 964 2597 eadem
978 2533 1082 2598 forma
1098 2534 1238 2599 Seeledri

95 2644 202 2708 verbis
222 2624 712 2729 respondens-Peripleeemenus
728 2646 838 2707 utatur
853 2655 905 2708 tun
920 2655 949 2708 te
963 2650 1153 2724 experirer?
1175 2668 1237 2729 qno

94 2754 132 2818 fit
159 2759 197 2819 ut
223 2755 379 2819 redundet
405 2760 479 2820 milri
510 2776 696 2839 pronomen.
758 2754 865 2838 Atque
894 2754 927 2817 id
953 2755 1059 2839 ipsum
1086 2755 1238 2819 Plautina

95 2865 373 2950 exsequendorum
394 2887 619 2950 responsorum
642 2865 844 2930 concinnitas
868 2864 1005 2949 (quando
1026 2888 1092 2929 non
1113 2865 1238 2929 dixerat

95 2975 263 3040 Sceledrus
285 2984 474 3056 expuripare
495 2998 541 3040 me
562 2982 619 3041 eibi
638 2978 719 3061 volo)
747 2976 794 3039 ita
817 2976 949 3059 respuit,
978 2978 1015 3040 ut
1042 2999 1108 3040 non
1137 2979 1238 3069 pqssit

93 3107 161 3149 non
175 3085 352 3150 insiticium
367 3086 477 3168 videri,
501 3087 619 3171 quippe
641 3090 711 3150 tum
733 3086 860 3150 demum
882 3086 1041 3151 adiectum
1063 3089 1236 3152 resarcien-

94 3195 207 3260 darum
222 3196 371 3262 videlieet
393 3219 598 3261 numerorum
621 3219 744 3278 caussa,
769 3218 840 3262 cum
861 3198 926 3261 iam
947 3198 1161 3281 inrepsissent
1183 3221 1234 3263 ar-

88 3328 231 3386 purqare
253 3310 284 3371 et
305 3329 458 3387 expurqes
479 3306 611 3371 formae.
658 3306 787 3372 Certum
810 3329 878 3371 esse
900 3312 1049 3391 putamus
1071 3309 1235 3394 scripsisse

93 3416 245 3481 Plautum

223 3533 294 3594 Sex.
322 3533 602 3612 Expririgare'vdlo
625 3554 682 3593 mc.
725 3534 803 3592 Pan.
831 3537 887 3592 tnn
909 3538 939 3593 te
962 3535 1141 3612 expurigcs‘?

92 3637 249 3713 Quintum
272 3639 322 3703 his
345 3626 672 3724 exemplumaecedit
694 3661 710 3702 e
734 3638 940 3723 Captivorum
962 3662 1054 3703 versu
1068 3639 1128 3721 III,
1144 3640 1176 3721 4,
1193 3641 1234 3704 88

94 3746 198 3838 [620],
229 3750 276 3814 sic
298 3750 418 3835 scripto
441 3751 475 3813 in
498 3749 616 3814 Vetere
639 3754 672 3814 et
695 3749 808 3814 ceteris
830 3749 989 3834 plerisque
1011 3755 1074 3813 Sed
1093 3755 1150 3815 tec
1165 3758 1232 3831 pri·

91 3881 171 3924 mum
199 3848 245 3924 me
266 3882 445 3942 expurqare
472 3867 529 3926 tior·
554 3867 638 3943 vole,
667 3883 713 3925 me
742 3868 892 3925 insaniam
915 3883 941 3923 e.
965 3883 996 3944 q
1020 3882 1063 3943 s„
1091 3860 1138 3923 sic
1161 3882 1233 3924 eon-

91 3970 230 4034 fidenter
252 3971 421 4036 scribendo
444 3972 563 4036 reiecta
585 3971 711 4036 novicia
732 3978 801 4036 med
821 3951 947 4035 formai

135 4103 196 4163 sed
219 4105 349 4180 primum
371 4106 428 4164 hoc
450 4126 497 4164 me
520 4090 697 4183 expurigare
719 4105 777 4163 tibi
800 4105 884 4177 vole,
907 4124 954 4162 me
977 4103 1124 4162 insaniam
1139 4136 1189 4163 -.

92 4224 178 4313 [Huc
199 4248 288 4290 nunc
310 4227 489 4292 addendum
504 4235 714 4309 [reparavere
729 4228 858 4291 verbum
871 4226 1071 4290 l'leckeiseni
1087 4227 1233 4291 acumine

90 4340 316 4419 recuperatum
336 4337 452 4421 (Musei
469 4338 574 4403 Rhen.
603 4343 628 4403 t.
643 4338 721 4404 XIV
736 4362 768 4424 p.
782 4339 859 4424 633)
881 4337 995 4401 Militis
1015 4338 1096 4423 glor.
1109 4362 1139 4404 v.
1154 4332 1231 4404 774:
