2986 5004
219 297 283 359 240
312 304 316 309 ’
563 311 785 360 enosslmvu
807 312 1020 360 enavrmvu.

220 469 252 528 et
275 464 488 529 Cistellariam
511 465 665 528 tractavit
687 466 844 550 integras.
890 465 941 528 Ad
964 465 1147 548 deperditas
1170 466 1264 529 enim
1281 487 1368 529 scae-

219 596 279 638 nas
301 575 547 670 Amphitruonis
569 581 759 640 clandestino
780 579 922 659 spectat,
959 576 998 639 ad
1021 575 1222 640 Cistellariae
1257 577 1368 658 deper-

220 685 304 749 ditas
327 707 438 749 omnes
460 690 527 749 tres
549 709 631 769 quae
653 687 688 750 in
710 685 902 770 glossarium
917 685 1118 749 transierunt
1133 706 1226 750 voces
1242 692 1368 750 audias-

219 809 322 861 sextus
336 804 504 860 summatim
520 801 697 874 tenipra'tcr.
727 795 771 859 Et
786 794 999 860 Cistellariam
1014 795 1152 879 quidem,
1177 818 1215 859 ac
1229 796 1368 860 fortasse

220 906 507 989 Amphitruonem,
546 907 606 971 etsi
634 906 820 970 Priscianus
852 927 975 990 quoque
1008 906 1153 990 integras
1187 906 1366 989 usurpavit,

220 1019 330 1081 tamen
353 1017 554 1080 Aululariam
587 1021 619 1080 et
642 1016 819 1080 Bacchides
851 1016 936 1079 idem
969 1015 1100 1079 mutilas
1133 1020 1169 1080 ut
1192 1038 1250 1080 nos
1273 1016 1367 1080 hodie
1438 1027 1441 1032 ’

221 1127 349 1191 habuit:
382 1128 466 1211 quod
489 1149 591 1212 genus
614 1148 718 1211 nuper
740 1126 921 1189 accuratius
944 1126 1103 1210 persecuti
1128 1148 1237 1190 sumus
1262 1127 1366 1190 Musei

221 1236 326 1302 Rhen.
349 1238 425 1301 novi
447 1242 471 1301 t.
487 1236 534 1300 IV
556 1259 588 1320 p.
612 1238 674 1302 568
699 1259 768 1320 sqq.
794 1236 892 1321 [infra
914 1236 998 1301 Diss.
1023 1235 1093 1324 Vq.
1139 1236 1189 1300 Elx
1212 1259 1275 1321 quo
1298 1237 1367 1300 effi·

223 1347 305 1412 citur
328 1347 508 1431 antiquiore
530 1368 625 1430 quam
641 1347 827 1410 Priscianea
849 1351 956 1410 aetate
972 1328 1157 1410 Plautinum
1173 1347 1367 1431 glossarium

223 1460 440 1543 conscriptum
463 1480 541 1522 esse.

308 1570 415 1653 Atque
448 1590 536 1632 nunc
568 1569 693 1632 demum
717 1568 828 1632 licebit
850 1568 889 1631 ad
912 1569 1016 1652 ipsam
1038 1569 1279 1633 enarrationem
1301 1569 1367 1633 sin-

223 1680 371 1764 gularum
400 1679 580 1764 glossarum
604 1679 770 1761 accedere,
805 1700 868 1762 qua
891 1701 1055 1762 speramus
1076 1678 1145 1742 fore
1168 1682 1203 1742 nt
1226 1679 1368 1764 aliquam

223 1790 332 1854 multis
365 1790 509 1854 versibus
545 1789 708 1854 Plautinis
741 1789 942 1874 aliquantum
974 1789 1025 1852 vel
1056 1789 1135 1853 lucis
1169 1790 1219 1853 vel
1252 1791 1369 1854 salutis

223 1901 384 1964 afferatur.
430 1899 492 1964 Sed
515 1900 600 1965 hanc
621 1921 737 1984 operae
759 1903 889 1963 nostrae
911 1908 1035 1983 partem
1059 1921 1130 1963 cum
1152 1921 1218 1964 non
1235 1903 1371 1986 capiant

222 2011 281 2074 hae
304 2010 462 2095 pagellae,
488 2011 668 2075 curabimus
692 2015 728 2074 ut
749 2010 832 2094 quod
855 2013 956 2073 restat
977 2010 1122 2093 proxima
1143 2012 1369 2094 prooemiandi

184 2121 199 2131 “
222 2127 254 2185 et
286 2143 343 2185 vos
377 2121 588 2204 compellandi
621 2121 863 2205 opportunitate
899 2120 1063 2184 vobiscum
1100 2122 1367 2186 communicetur.

223 2232 270 2315 [Id
305 2232 472 2296 consilium
500 2231 652 2315 quoniam
684 2235 754 2294 tum
776 2232 918 2294 muneris
942 2230 1115 2294 academici
1137 2233 1369 2316 occupationes

221 2346 483 2427 praeverterant,
519 2363 606 2405 nunc
638 2363 708 2404 eam
742 2346 868 2424 partem
900 2341 1083 2424 putavimus
1112 2363 1151 2405 ex
1174 2343 1369 2407 adversariis

221 2453 356 2536 nostris,
391 2454 426 2517 in
455 2452 570 2536 quibus
592 2452 649 2516 illa
670 2473 729 2535 per
750 2454 902 2535 quattuor
924 2450 1096 2514 lustrorum
1119 2451 1368 2517 diuturnitatem

221 2565 363 2647 delituit,
387 2564 595 2648 promendam
619 2584 717 2646 eoque
740 2561 823 2645 quod
847 2562 1049 2645 subsequitur
1071 2563 1214 2627 auctario
1242 2569 1370 2648 quanta

220 2675 289 2738 fieri
323 2676 481 2739 brevitate
503 2675 608 2757 potuit
630 2672 880 2756 exsequendam:
915 2674 1048 2737 mutatis
1075 2676 1184 2737 tamen
1208 2672 1369 2740 additisve

221 2805 304 2867 quae
337 2789 411 2867 post
444 2789 493 2848 tot
526 2806 682 2847 annorum
716 2784 855 2866 spatium
877 2805 946 2846 esse
968 2784 1122 2848 mutanda
1145 2783 1195 2847 vel
1218 2784 1369 2849 addenda

223 2892 449 2957 intelleximus.
506 2895 608 2957 Simul
642 2903 747 2957 autem
779 2893 856 2957 hino
885 2893 1011 2956 veniam
1033 2897 1180 2977 paratam
1203 2895 1273 2958 fore
1297 2918 1368 2980 spe-

221 3024 339 3084 ramus,
364 3004 390 3066 si
413 3004 490 3087 quid
512 3005 595 3066 forte
620 3026 739 3087 corum,
763 3025 843 3087 quae
866 3025 904 3067 ex
926 3003 982 3067 illo
1004 3007 1147 3087 tempore
1162 3004 1287 3069 utiliter
1302 3007 1368 3070 dis-

220 3116 334 3195 putata
356 3117 432 3176 sunt
454 3114 495 3176 ab
518 3114 600 3196 aliis,
625 3116 730 3178 studia
752 3118 863 3178 nostra
884 3114 1014 3198 fugerit.
1060 3114 1262 3198 Quamquam
1284 3121 1364 3181 sunt

220 3224 317 3286 etiam
340 3246 421 3307 quae
443 3225 547 3288 sciens
570 3224 767 3310 neglexerim
789 3224 838 3289 vel
861 3224 989 3288 silentio
1011 3225 1257 3311 praeterierim]

690 3504 891 3512 .——-—-—-—--

607 3706 971 3783 Auctarium.

305 3893 494 3983 [Turbatam
526 3892 560 3958 in
595 3894 684 3957 libris
717 3893 864 3977 glossarii
896 3892 1024 3956 initium
1057 3892 1117 3956 hoc
1144 3893 1223 3958 olim
1251 3896 1366 3960 ordine

217 4007 315 4069 fuisse
338 4007 453 4070 videri:
482 4013 518 4070 Ia
544 4011 752 4086 Amphitrione
776 4050 911 4067 .....
935 4009 973 4066 In
997 4008 1161 4068 Asinaria:
1194 4009 1363 4072 blanditer.

218 4124 374 4195 taraiaper.
397 4124 564 4197 paulisper.
589 4137 685 4199 supra
706 4114 923 4197 significatum
946 4117 1005 4178 est.

306 4230 318 4288 l
341 4234 558 4306 paulisper:
599 4226 766 4288 Asinariae
788 4224 828 4304 V,
863 4224 899 4305 2,
924 4225 966 4287 30
989 4224 1066 4309 (880
1088 4225 1227 4308 exempli
1250 4225 1363 4290 l’leclr-

218 4335 388 4421 eiseniani)
408 4339 567 4417 paulisper
589 4357 686 4398 marae.
