2986 5004
197 398 199 401 ,
258 335 322 400 252
604 351 825 401 ouossanivu
848 352 1062 399 ennvrrnvn.

344 507 388 571 ln
411 506 694 571 Menaechmis,
738 507 778 571 31
802 513 974 584 tonante:
998 505 1084 569 Men.
1108 505 1405 590 prolatatum

258 623 321 682 tau
342 621 479 696 lo'naule:
502 617 650 682 similiter
672 620 768 702 alque
784 615 868 681 Rud.
885 615 911 698 Ι,
928 616 958 698 5,
976 616 995 680 8
1018 616 1108 700 (266)
1122 616 1212 680 'Ilico
1233 622 1306 680 linc
1328 619 1405 681 etrus
1456 626 1461 632 '

258 731 524 805 hautanqatcex
546 732 710 806 hocloco,
735 728 786 791 vel
808 727 880 791 Ter.
904 725 1004 790 Haut.
1028 726 1077 809 ΙΙ,
1100 726 1131 809 2,
1158 726 1197 790 10
1219 727 1310 813 (239)
1333 733 1406 793 ltine

258 844 388 917 lenpate.
434 839 465 904 A
488 839 635 925 qualibus
657 837 820 923 profectus
844 841 893 902 est
915 836 1122 944 Appuleius!

342 947 384 1012 32
407 956 624 1015 assulatim:
648 949 735 1014 Men.
758 948 800 1032 V,
816 949 848 1031 2,
875 949 935 1013 106
957 947 1049 1033 (859)
1072 969 1166 1040 versu
1187 948 1404 1033 impeditiore,

259 1058 348 1123 cuius
371 1059 563 1124 emendandi
591 1060 618 1125 si
640 1061 734 1124 modo
767 1058 967 1144 probabilem
994 1059 1079 1122 viam
1109 1059 1168 1123 inii
1195 1059 1230 1122 in
1263 1060 1407 1124 editione

258 1169 312 1251 (de
334 1192 396 1254 quo
418 1193 505 1236 nunc
527 1171 619 1235 valde
642 1171 779 1257 dubito),
804 1170 899 1261 debui
922 1170 1036 1234 saltem
1061 1167 1101 1256 [et
1122 1169 1295 1260 concidam]
1319 1174 1405 1236 daru-

257 1287 341 1345 lctr‘m
364 1289 400 1344 ei
420 1283 549 1346 vocae.
593 1280 713 1346 Iterum
741 1283 837 1366 poeta
865 1281 958 1364 Capt.
982 1279 1039 1363 lv,
1062 1281 1093 1363 2,
1123 1280 1164 1345 52
1194 1280 1284 1365 (832)
1314 1284 1407 1346 Prius

257 1412 347 1470 quem
367 1397 517 1472 pultando
539 1396 695 1456 assulatim
719 1395 840 1469 simbus
860 1393 985 1456 exiliant
1008 1397 1097 1455 date.

341 1502 383 1565 33
405 1508 627 1583 derepente:
651 1503 738 1567 Men.
761 1502 803 1585 V,
826 1503 863 1585 2,
890 1502 948 1566 121
973 1502 1064 1587 (874)
1088 1507 1129 1566 ct
1148 1504 1315 1582 derepente
1337 1507 1406 1567 trin·

257 1623 304 1676 tus
331 1617 452 1678 morbus
478 1616 595 1679 cncidit.
640 1613 728 1678 Idem
751 1613 943 1705 adverbium
971 1612 1221 1698 glossographus
1251 1614 1360 1695 potuit
1388 1637 1406 1677 e

256 1721 352 1786 Most.
376 1722 419 1806 ΙΙ,
443 1725 474 1807 2,
497 1725 537 1789 57
562 1725 652 1810 (488)
675 1727 798 1788 notare.

340 1833 386 1897 ln
407 1833 670 1899 Mostellaria.
697 1835 738 1899 34
748 1840 1053 1915 pollucibiliter:
1077 1833 1172 1898 Most.
1185 1833 1210 1917 Ι,
1229 1837 1256 1916 1,
1273 1835 1317 1899 23
1334 1839 1406 1900 Dic's

257 1951 412 2024 noctisque
432 1946 538 2022 bibite,
567 1948 828 2025 perpraecrimini:
857 1947 977 2009 Amatae
999 1952 1100 2024 emite,
1124 1947 1266 2009 liberate:
1282 1948 1407 2026 pascite

258 2057 429 2120 Parasitus:
452 2058 594 2121 obsonate
609 2059 838 2136 pollucibiliter.
882 2056 977 2121 Vnde
999 2078 1091 2120 suum
1113 2055 1191 2119 illud
1208 2061 1309 2133 bibite,
1332 2079 1405 2136 per-

253 2173 448 2244 praecumtni
463 2173 683 2245 pollucibiliter
697 2170 859 2251 sumptum
881 2166 1071 2252 Fulgentius
1088 2166 1190 2250 Myth.
1207 2166 1234 2249 Ι,
1251 2167 1272 2230 2
1296 2189 1404 2232 errore

257 2276 296 2340 ad
314 2276 485 2361 Epidicum
500 2277 640 2342 rettulit:
668 2278 699 2342 id
718 2278 802 2362 quod
818 2278 950 2342 minima
971 2277 1403 2364 perspexeruntglexicogra-

122 2419 123 2423 ¹
255 2387 312 2472 phi
334 2387 445 2452 nostri.

341 2498 383 2563 35
405 2505 597 2565 donicum:
621 2500 715 2565 Most.
739 2501 766 2584 Ι,
789 2501 820 2583 2,
844 2500 886 2565 35
909 2500 1015 2586 (116):
1039 2501 1109 2564 vide
1132 2501 1173 2564 ad
1196 2505 1217 2582 ς
1239 2503 1271 2565 4.

341 2610 382 2673 36
404 2622 563 2676 eatenus
584 2611 835 2697 glossographus
857 2612 1018 2695 excerpsit
1039 2633 1056 2675 e
1079 2610 1296 2675 Mostellariae
1319 2613 1346 2696 Ι,
1370 2615 1401 2694 2,

256 2720 298 2782 50
320 2720 422 2803 (131),
446 2721 500 2785 ubi
523 2722 607 2786 idem
630 2745 689 2786 nos
711 2722 805 2786 hodie
827 2721 861 2785 in
877 2721 1035 2785 Palatinis
1058 2722 1206 2806 legimus,
1231 2722 1295 2787 nisi
1318 2725 1400 2808 quod

256 2829 318 2892 levi
345 2830 482 2915 vestigio
505 2832 644 2916 aliquam
674 2832 887 2917 corruptelam
909 2831 1012 2896 Vetus
1039 2832 1148 2917 prodit
1174 2853 1194 2895 a
1216 2832 1361 2897 litteram
1385 2858 1401 2898 e

257 2942 438 3004 correctura
460 2932 592 3007 haberis,
639 2944 782 3032 Atenimn
799 2965 859 3007 neo
885 2943 1051 3007 notionem
1073 2942 1170 3020 illam,
1183 2942 1249 3006 fert
1272 2948 1400 3009 senten·

256 3049 313 3133 tia,
337 3072 396 3114 nee
418 3052 549 3116 omnino
578 3053 627 3117 vel
654 3066 777 3119 eatenus
805 3053 855 3118 vel
883 3059 1030 3118 hacteuus
1058 3053 1108 3116 vel
1136 3064 1288 3132 quatenus
1310 3077 1399 3119 voca-

256 3159 332 3224 bula
360 3160 512 3226 Plautina
538 3163 651 3249 lingua
678 3164 817 3249 novit.*)
862 3163 950 3239 Quae
984 3186 1056 3228 cum
1089 3164 1187 3228 etiam
1220 3164 1399 3250 simplicem

256 3282 342 3336 tereus
363 3271 499 3336 formam
522 3275 659 3360 ignoret,
683 3277 766 3339 ratio
788 3277 879 3360 patet
894 3297 950 3339 cur
964 3297 1061 3359 supra
1083 3275 1138 3358 (ad
1160 3276 1252 3360 affl)
1277 3276 1399 3341 adhibi-

254 3385 323 3445 tam
346 3383 422 3446 olim
445 3383 726 3450 Menaechmomm
748 3409 841 3450 versu
858 3386 921 3451 859
943 3385 1200 3450 emendationem
1222 3409 1311 3452 nunc
1334 3410 1398 3453 non

254 3496 356 3558 tuear.
401 3493 440 3558 ln
463 3494 659 3561 Mostellaria
681 3497 782 3581 igitur
803 3519 869 3561 non
885 3519 962 3567 ,sum
984 3495 1103 3560 veritus
1132 3504 1281 3576 protenus
1309 3521 1398 3583 repo

255 3625 341 3687 nere,
366 3605 404 3669 de
425 3628 488 3690 qua
509 3607 613 3670 forma
634 3607 755 3670 dietum
778 3608 888 3671 estad
911 3612 930 3688 ξ
956 3608 1005 3671 15.

339 3725 379 3789 37
407 3728 557 3801 furtim.
595 3725 659 3790 Hic
684 3748 808 3810 quoque
835 3725 1102 3812 glossographum
1127 3724 1256 3790 fefellit
1280 3729 1398 3793 codicis

255 3835 414 3918 scriptura
432 3836 492 3916 sui,
514 3858 595 3920 quae
613 3836 724 3901 eadem
742 3840 791 3901 est
806 3841 901 3920 atque
919 3837 953 3899 in
974 3835 1133 3899 Palatinis
1151 3837 1281 3902 nostris.
1314 3839 1399 3904 Nam

255 3946 296 4009 ab
323 3945 393 4030 ipso
414 3950 510 4031 poeta
531 3950 617 4011 certo
641 3947 758 4012 certius
779 3949 829 4011 est
852 3945 1031 4030 profectum
1058 3968 1125 4008 esse
1148 3946 1287 4012 Mostell.
1311 3949 1344 4031 Ι,
1367 3952 1398 4032 3,

258 4057 296 4118 13
313 4055 404 4139 (169)
428 4062 495 4122 Nee
511 4061 619 4123 ve'stcm
634 4070 773 4122 amantes
786 4059 921 4121 mulieris
935 4059 1053 4133 emeat,
1077 4062 1131 4120 sed
1146 4065 1234 4121 vestis
1252 4062 1397 4135 [cirtam.

323 4293 348 4358 *)
379 4292 470 4347 Vnum
498 4299 655 4353 {stertentes
682 4312 744 4350 sero
771 4293 885 4348 memini
911 4282 1004 4348 semel
1022 4293 1098 4363 apud
1124 4293 1256 4348 Plautum
1288 4300 1401 4354 exstare

256 4383 354 4439 Bacch.
374 4386 394 4452 Ι,
413 4396 436 4454 2,
455 4394 488 4442 60
506 4392 576 4458 (168)
596 4388 676 4446 Istdc
694 4398 776 4448 tenus
795 4392 857 4457 rili,
877 4392 966 4464 Ly'de,
986 4388 1105 4447 libertas
1123 4390 1221 4447 datast
1240 4391 1402 4454 Ordtioais.
