2984 5010
224 325 283 388 106
485 327 576 386 άααα
608 338 670 384 urs
691 337 816 383 nurrru
838 336 904 384 nus
927 338 1092 408 staurus.

220 497 272 557 tra
294 492 462 576 diligentia
491 494 524 555 et
549 490 708 554 industria
730 490 827 554 etiam
847 490 985 574 quadarn
1006 492 1166 575 permulta
1187 494 1227 556 de
1249 498 1363 559 nostro
1472 542 1475 547 -

160 583 162 589 Ι
220 603 276 667 illo
298 603 398 668 veteri
419 602 508 675 librox
523 602 559 665 in
580 600 739 666 Plautinis
771 600 940 665 comoediis
962 601 1111 666 restitute
1133 602 1195 666 sibi
1216 604 1361 688 fuerunt,

221 715 289 778 tem
310 714 345 777 in
367 713 471 776 verbis
493 733 588 796 quam
610 712 752 776 numeris
770 734 930 795 versuum,
954 711 993 776 de
1015 735 1147 797 quorum
1169 714 1363 798 integritate

221 824 303 890 nihil
326 824 423 887 etiam
451 822 539 886 dubii
565 823 630 886 iam
659 822 753 886 nobis
780 821 981 906 relinquitur.
1026 824 1076 887 Ac
1103 842 1229 907 possem
1257 847 1362 889 annu-

220 956 344 999 merare
371 956 437 998 non
465 935 599 999 δεκάδα(
626 955 730 1017 neque
752 934 982 1017 ἑκατοντάδας,
1010 933 1065 997 sed
1086 933 1183 1018 plane
1205 936 1361 1020 χιλιάδας,

220 1047 248 1109 si
263 1048 427 1109 ostentare
443 1066 573 1129 operam
594 1046 739 1107 nostram
753 1043 921 1107 vellemus:
944 1044 1000 1107 sed
1014 1045 1164 1128 pauperis
1180 1048 1230 1108 est
1250 1067 1362 1109 nume-

220 1178 291 1220 rare
314 1177 420 1239 pecus.
451 1153 526 1229 Nou
548 1177 652 1239 pauca
667 1157 773 1218 autem
789 1153 914 1217 confido
930 1175 1000 1237 nos,
1025 1155 1052 1217 si
1073 1176 1140 1218 non
1162 1155 1360 1238 emendasse,

221 1270 255 1331 at
276 1287 343 1330 non
365 1266 500 1330 edidisse
523 1266 662 1330 deterius
677 1286 780 1349 neque
803 1265 982 1349 perversius
998 1266 1240 1349 quampriores.
1271 1265 1361 1341 Quae

220 1399 295 1442 vero
318 1379 466 1461 corrupta
489 1380 521 1440 et
541 1375 625 1440 fulsa
651 1398 719 1440 esse
742 1375 838 1460 plane
862 1397 1040 1458 cernerem,
1070 1397 1107 1439 ea
1129 1376 1273 1441 indicere
1295 1380 1362 1440 stu-

220 1488 291 1552 dui:
319 1488 488 1572 indignum
511 1490 616 1569 retus,
645 1487 796 1551 lectorem
819 1508 930 1550 securo
953 1487 1059 1550 animo
1082 1508 1188 1551 errare
1210 1487 1361 1572 perpeti?

220 1597 435 1683 Desgleichen
455 1598 499 1660 im
513 1596 715 1661 Prooemium
736 1619 768 1680 p.
785 1598 819 1661 9:
843 1597 914 1661 ‘Ad
936 1600 1080 1661 nostram
1102 1601 1209 1662 autem
1230 1619 1363 1683 operam

221 1692 408 1794 diligentiae
430 1709 558 1793 quidem
579 1708 665 1771 illius
687 1730 829 1771 summae
851 1707 943 1771 valde
966 1708 1168 1791 laboriosam,
1192 1709 1247 1772 sed
1263 1711 1296 1774 et
1310 1709 1363 1773 in-

221 1819 362 1882 dustriae
383 1841 450 1883 non
473 1819 743 1902 contemnendae,
767 1822 803 1882 ut
825 1840 1001 1902 speramus
1025 1841 1121 1903 quam
1143 1820 1177 1883 in
1199 1819 1364 1884 Plautinis

220 1930 338 1993 fabulis
360 1930 566 1994 emendandis
588 1931 767 2014 posuimus,
791 1929 874 2014 quod
897 1931 1030 2013 attinet,
1054 1931 1093 1994 de
1115 1951 1152 1994 eo
1173 1951 1277 2015 neque
1299 1931 1364 1995 hoc

108 2126 110 2135 J
152 2050 202 2100 517
220 2040 291 2104 loco
319 2040 455 2104 multum
477 2041 648 2105 verborum
676 2040 860 2105 faciendum
882 2043 946 2104 est:
983 2044 1016 2104 et
1043 2040 1146 2104 editae
1175 2041 1364 2126 relataeque

21 2138 27 2152 ⁵
221 2154 296 2215 sunt
317 2153 458 2217 rationes
481 2156 620 2234 nostrae,
645 2152 758 2236 quibus
773 2173 854 2236 quae
875 2172 942 2214 non
965 2152 1180 2234 continentur,
1205 2173 1243 2214 ea
1266 2155 1365 2216 erunt

221 2263 385 2347 eiusmodi,
410 2267 446 2327 ut
466 2263 654 2347 plerumque
669 2263 703 2327 in
721 2265 808 2326 certa
830 2262 1036 2347 persuasione
1059 2261 1264 2325 correctionis
1287 2262 1364 2324 sim-

220 2375 347 2459 pliciter
368 2377 508 2439 veterem
530 2375 723 2457 scripturam
745 2372 880 2456 exprimi
897 2373 1122 2436 curaverimus.
1153 2371 1229 2436 Non
1250 2375 1364 2436 temen

220 2508 384 2570 nunquam
398 2485 434 2549 in
449 2485 587 2569 quadem
602 2485 813 2568 ambiguitate
829 2505 865 2546 ea
881 2483 1080 2565 retinuimus,
1104 2505 1184 2567 quae
1206 2483 1241 2546 in
1257 2473 1364 2547 exem·

154 2640 156 2645 »
219 2596 281 2678 plis
297 2595 437 2680 vulgatis
452 2596 694 2678 reperissemus,
710 2594 765 2658 sed
779 2593 859 2657 haec
874 2593 975 2656 multa
989 2615 1056 2656 non
1071 2597 1175 2657 erunt.
1207 2593 1269 2657 Illa
1285 2598 1365 2659 sunt

220 2727 322 2789 paene
344 2706 607 2788 innumerabilia,
637 2709 673 2769 ut
702 2726 775 2769 vere
802 2705 920 2787 possim
948 2703 1079 2788 gloriari
1108 2704 1146 2767 de
1173 2703 1234 2767 hac
1262 2705 1364 2768 etiem

221 2815 370 2896 editione,
394 2814 479 2878 idem
501 2814 584 2899 quod
607 2819 683 2879 ante
706 2837 807 2879 annos
830 2813 925 2878 XVII
945 2814 1096 2896 fecimuS,
1132 2836 1204 2877 cum
1227 2837 1245 2877 a
1266 2815 1363 2879 nobis

220 2925 422 3009 recognitum
443 2926 642 2989 mitteremus
670 2925 833 3010 Hervagio
861 2928 971 2988 nostro
999 2924 1284 3011 Macrobium⁵⁶²),
1323 2925 1363 2990 de

222 3035 309 3099 cuius
324 3035 455 3099 officina
469 3035 523 3099 ille
539 3036 640 3099 exiret
655 3036 689 3099 in
708 3035 884 3120 publicum,
908 3038 1056 3100 nontam
1072 3034 1249 3119 castigatus
1264 3058 1362 3120 quarn

220 3167 337 3229 nocue,
366 3146 394 3210 si
425 3168 496 3210 curn
518 3146 589 3208 aliis
612 3146 804 3210 editionibus
829 3147 1027 3210 conferretur
1044 3194 1156 3209 .....
1200 3144 1292 3209 Idem
1313 3146 1362 3210 in-

220 3279 316 3340 quam
338 3259 370 3320 et
392 3256 431 3320 de
452 3259 562 3320 nostro
584 3278 678 3339 opere
701 3256 851 3320 Plautino
878 3279 944 3320 non
971 3255 1164 3336 laudatorie,
1203 3256 1259 3319 sed
1290 3278 1362 3319 vere

221 3390 258 3431 ac
280 3367 469 3450 simpliciter
491 3368 652 3429 affirmare
674 3390 817 3451 possum,
847 3367 899 3430 vix
927 3366 1028 3430 ullum
1050 3387 1191 3447 versum,
1231 3365 1270 3429 de
1298 3389 1363 3451 quo

219 3499 285 3542 non
308 3477 443 3560 aliquid,
473 3481 557 3540 certe
585 3477 739 3561 pagiuam
761 3476 884 3542 nullam
905 3498 988 3559 esse,
1018 3476 1056 3538 de
1084 3497 1146 3559 qua
1174 3497 1240 3539 uon
1263 3476 1364 3559 pluri-

219 3609 308 3651 mum
335 3587 522 3651 mendorum
549 3588 710 3653 subletum
739 3589 805 3651 sit.'
850 3586 947 3651 Dunn
975 3587 1097 3649 erkliirt
1124 3607 1158 3648 er
1185 3585 1255 3648 sich
1289 3587 1364 3650 aufs

221 3696 478 3762 entschiedenste
511 3720 617 3784 gegen
650 3698 706 3762 das
739 3697 987 3781 selbstsiichtige
1021 3693 1197 3759 Losziehen
1225 3696 1285 3759 auf
1309 3696 1364 3760 die

220 3809 419 3875 Schwiichen
441 3809 497 3873 der
519 3809 726 3894 Vorgtinger,
762 3808 812 3871 die
835 3830 885 3889 er,
910 3805 990 3870 auch
1014 3806 1064 3869 bei
1087 3805 1275 3869 offenbaren
1295 3806 1362 3869 Irr-

219 3921 385 4004 thiimern,
420 3921 455 3984 in
488 3921 544 3984 der
571 3919 674 4005 Rege]
706 3918 799 3982 nicht
831 3918 948 3981 einmul
981 3914 1179 3980 numentlich
1213 3915 1366 3981 erwihnt

287 4186 345 4248 ὁδ’)
364 4184 462 4238 Dieser
479 4184 605 4237 erschien
625 4189 698 4248 1535,
716 4181 773 4235 und
790 4180 938 4249 deswcgen
956 4179 992 4231 ist
1010 4178 1058 4232 der
1071 4178 1185 4232 Plautus
1203 4177 1295 4233 sicher
1315 4196 1366 4234 aus

222 4280 286 4325 1552
312 4275 381 4328 oder
411 4275 552 4329 vielleicht
579 4282 656 4341 1551,
686 4276 736 4330 auf
759 4274 859 4329 keiuen
886 4273 946 4327 Fall
975 4289 1025 4326 aus
1054 4276 1128 4327 1538.
1173 4271 1249 4341 (Vgl.
1274 4272 1364 4326 Ebert

220 4363 267 4418 Nr.
289 4369 390 4434 urso.)
