2946 5010
494 325 628 376 umims
652 326 831 375 anomosu
1168 314 1230 376 421

84 485 163 543 Ibid.
186 485 226 558 H,
250 487 279 558 2,
305 485 380 544 101:
417 487 477 544 cito
501 485 623 544 domum
646 487 879 561 transirentque
901 486 974 544 haec
1000 488 1027 545 ei
1049 488 1125 547 bene
1147 509 1231 564 prae-

690 560 838 631 monstra:
862 569 1043 651 praecipe.*)

85 718 139 784 Sic
161 719 248 782 enim
276 717 335 782 hos
357 722 422 782 tres
450 723 628 802 postremos
657 719 872 783 emendandos
899 723 1066 804 putamus,
1094 721 1230 793 ducibus

84 851 123 893 ex
156 832 249 913 parte
283 829 413 912 optimis
444 829 545 893 libris.
568 865 580 875 ,
602 828 745 893 Dubium
778 835 827 893 est
859 830 895 894 in
927 829 1021 917 Most.
1044 829 1102 914 IV,
1126 832 1163 914 2,
1189 832 1230 896 70

84 939 294 1024 exemplum,
311 939 366 1003 ubi
393 958 587 1024 quamquam
609 939 737 1004 defendi
761 943 868 1023 potest
886 942 978 1017 fricta
999 947 1059 1019 ita,
1092 946 1230 1008 amburet

83 1058 113 1115 ei
133 1057 249 1129 misere,
274 1054 383 1115 tamen
405 1050 604 1134 praestiterit
621 1053 713 1128 sacta
735 1057 788 1128 ita,
812 1052 970 1119 dimitere
991 1057 1128 1116 amburet
1153 1050 1228 1141 [nisi

85 1183 157 1227 cum
171 1160 377 1225 Fleckeiseno
399 1159 587 1244 praetuleris
606 1163 699 1238 [dcta
721 1168 765 1226 ita
787 1182 865 1240 csse,
890 1169 920 1226 ei
939 1161 1045 1227 misere
1067 1163 1226 1251 amburet]

171 1269 331 1358 [Ceterum
347 1292 419 1335 cum
434 1277 463 1334 ei
475 1271 612 1334 formam
624 1272 832 1355 spondiacam
843 1271 1071 1337 Lachmannus
1086 1273 1121 1337 in
1132 1272 1226 1338 Lucr.

83 1405 114 1467 p.
136 1382 196 1449 152
212 1382 252 1447 ad
267 1382 439 1467 pristinam
461 1397 534 1446 mul
556 1381 759 1467 scripturam,
783 1404 878 1466 quam
900 1382 1075 1447 identidem
1090 1384 1229 1448 servavit

83 1494 135 1558 lex
152 1493 413 1577 repetundarum,
431 1492 477 1556 ita
488 1496 627 1574 revocat,
645 1491 734 1557 illam
748 1496 784 1557 ut
795 1515 853 1577 pro
867 1500 911 1573 cjc'
926 1493 1066 1577 accipiat
1082 1493 1114 1557 h.
1128 1515 1154 1559 a.
1168 1516 1227 1579 pro

84 1604 192 1669 dativo
215 1605 255 1668 ad
277 1604 419 1688 genetivi
433 1610 502 1683 ejas
516 1602 758 1668 similitudinem
780 1602 923 1688 proxime
946 1604 1128 1686 accedente,
1153 1627 1227 1670 con·

85 1714 261 1780 cedendum
276 1719 325 1779 cst
339 1736 418 1779 sane
434 1735 504 1778 eam
526 1714 560 1778 in
582 1718 707 1799 partem
729 1736 843 1799 posse
866 1731 939 1778 mal
961 1715 1040 1779 illud
1062 1715 1169 1780 valere
1192 1722 1228 1780 ut

83 1826 126 1890 sit
153 1847 212 1909 pro
238 1832 312 1906 ejei:
346 1825 401 1889 sed
433 1825 657 1889 necessitatem
684 1829 794 1890 tamen
820 1824 896 1889 talis
923 1825 1127 1889 ratiocinatio
1160 1848 1226 1892 uon

83 1934 191 2000 habet.
237 1934 349 1999 Altera
372 1935 458 1999 enim
487 1938 615 2019 praesto
637 1939 686 1999 est
713 1935 938 2020 interpretatio
966 1935 1062 2019 haec,
1096 1940 1133 2001 ut
1154 1953 1226 2001 mal

84 2049 200 2130 aequet
221 2052 263 2109 tei
279 2044 434 2130 syllabas:
464 2049 513 2109 1131
536 2048 643 2110 autem
665 2067 732 2110 non
754 2047 860 2130 potuit
882 2049 1009 2111 tantum
1030 2047 1127 2111 scn‘bi
1151 2069 1226 2112 casu

82 2156 189 2239 tertie,
207 2150 269 2220 ‘sed
290 2156 336 2219 ita
358 2160 408 2251 ter
422 2156 577 2240 scriptum
599 2160 648 2220 est
668 2178 781 2241 reapse
795 2156 831 2220 in
845 2157 918 2240 lege
938 2157 1071 2239 Rubria,
1095 2178 1226 2240 prorsus

82 2270 119 2331 ut
133 2265 268 2350 pluralis
282 2266 406 2331 numeri
423 2288 499 2331 casu
513 2269 600 2331 recto
616 2284 684 2332 mis
701 2271 733 2331 et
747 2283 808 2350 1131,
832 2267 939 2331 dativo
952 2269 985 2330 et
999 2266 1139 2330 ablativo
1156 2284 1224 2332 isls

83 2379 224 2461 (praeter
245 2399 298 2441 eas
320 2378 440 2441 formas
463 2398 544 2461 quae
567 2380 642 2442 sunt
657 2394 712 2443 als
728 2415 770 2425 -
785 2379 888 2459 auls).
919 2376 959 2440 In
973 2375 1024 2440 his
1040 2379 1147 2440 autem
1162 2399 1225 2461 quo

82 2490 274 2573 argumento
289 2487 424 2572 negabis
446 2487 611 2572 primumi
624 2488 765 2552 litteram
780 2487 957 2572 antiquitus
972 2486 1071 2550 fuisse
1092 2485 1225 2570 longam

81 2602 117 2663 ut
143 2599 179 2662 in
213 2598 357 2662 centenis
385 2597 456 2662 aliis
483 2598 635 2681 temporis
664 2597 792 2662 demum
814 2597 949 2662 decursu
972 2597 1011 2661 ad
1034 2596 1224 2660 brevitatem

22 2702 23 2706 ¹
82 2709 283 2774 attenuatis?
326 2710 380 2773 An
408 2708 472 2773 alia
499 2708 624 2772 ratione
652 2707 776 2794 regitur
806 2723 859 2772 uls
892 2707 1052 2791 scriptura
1079 2707 1224 2771 nomina·

81 2820 138 2884 tivi
162 2818 337 2904 singularis
366 2819 401 2883 in
424 2817 482 2884 SC.
506 2819 544 2883 de
567 2817 848 2884 Bacchanalibus?
878 2817 928 2883 vel
952 2834 1083 2884 menan
1106 2840 1163 2902 pro
1186 2825 1223 2882 is-

81 2936 147 2994 dem
172 2930 206 3013 (i.
231 2952 258 2994 e.
282 2930 374 3016 idem)
401 2930 640 3015 frequentatum
667 2930 702 2994 in
730 2928 855 2993 titulis?
891 2928 942 2993 vel
976 2945 1088 2993 EIDEM
1117 2929 1222 2992 neutri

80 3040 211 3125 generis
239 3040 274 3104 in
296 3040 367 3125 lege
390 3040 559 3105 Antonia?
600 3040 752 3125 Idemque
783 3039 819 3103 in
853 3047 906 3105 ieie
938 3040 988 3104 vel
1018 3047 1077 3104 ecis
1110 3039 1223 3104 cadere

81 3154 169 3215 certo
192 3150 272 3214 adeo
294 3151 484 3215 documento
500 3150 557 3217 SC.
573 3150 612 3214 de
627 3149 813 3214 Tiburtibus
835 3153 973 3215 testatur
994 3149 1044 3214 bis
1066 3151 1221 3234 scriptum

79 3260 237 3325 exhibens
264 3277 373 3344 mals,
404 3262 487 3345 quod
515 3282 609 3326 nemo
637 3261 733 3326 facile
755 3260 897 3325 animum
925 3259 1056 3324 inducet
1081 3263 1119 3324 ut
1146 3267 1224 3340 ejeis

78 3373 319 3455 interpretetur.
357 3369 448 3435 Nihil
470 3372 570 3456 igitur
592 3371 725 3456 impedit
745 3371 915 3454 quominus
937 3370 978 3434 ab
1000 3371 1223 3455 antiquissima

77 3492 186 3555 forma
207 3498 237 3556 ei
256 3491 426 3555 transitum
449 3512 517 3555 esse
538 3513 596 3575 per
617 3485 658 3555 ἷιῗ
678 3493 711 3554 et
732 3482 792 3554 ἃᾶ
811 3490 851 3554 ad
872 3496 914 3554 tei
935 3491 979 3574 (h.
1003 3511 1029 3554 e.
1054 3480 1108 3576 d),
1131 3511 1222 3573 prae-

76 3606 169 3665 terea
197 3604 304 3664 autem
326 3601 366 3664 ab
388 3609 405 3664 ἑ
427 3605 459 3665 et
480 3612 491 3663 i
513 3600 552 3665 ad
576 3602 595 3663 d
613 3603 645 3665 et
667 3603 694 3683 t,
719 3621 756 3664 eo
779 3600 896 3665 certius
918 3600 1011 3665 nobis
1032 3599 1221 3684 persuadea-

74 3800 211 3870 ‘Iterum
238 3807 265 3861 si
282 3805 313 3860 ai
329 3806 466 3868 certmst,
489 3807 516 3860 ei
533 3811 630 3860 castos
648 3804 763 3861 ddditus
781 3812 811 3861 tu
828 3805 961 3873 perieris.
995 3801 1144 3870 Argutiore
1162 3817 1221 3854 sen·

74 3895 170 3952 tentia
188 3895 220 3950 0.
239 3895 408 3950 Ribbeckius
425 3895 514 3951 Musei
531 3895 619 3950 Rhen.
637 3898 658 3950 t.
670 3895 723 3950 XII
739 3915 766 3966 p.
786 3901 836 3951 595
853 3895 979 3959 'Iterum
998 3897 1026 3952 si
1042 3897 1072 3951 ia
1089 3897 1222 3960 vcrdmst,

73 4000 111 4048 tu
128 3993 157 4047 ei
173 3997 271 4047 custos
289 3988 406 4047 additus
423 3991 465 4047 bis
482 3990 628 4060 perieris]

148 4083 177 4149 *)
209 4082 305 4151 [atque
322 4083 409 4140 bucce
427 4084 496 4141 bene
518 4087 546 4141 εἰ
563 4091 691 4141 monstra
709 4081 786 4136 utin
805 4080 925 4156 editione
943 4080 1138 4149 scriberemus,
1156 4083 1220 4136 Am·

71 4174 205 4233 brosiani
227 4176 363 4230 memoria
385 4176 533 4242 suadebat,
561 4174 591 4228 in
614 4191 669 4245 quo
691 4176 781 4230 visum
803 4176 846 4229 est
862 4193 1157 4230 xsecaassuuossran
1176 4193 1220 4230 ex·

49 4273 163 4344 ,stara
195 4266 370 4337 Quamquam
388 4268 476 4323 habet
492 4285 559 4324 sane
577 4284 632 4335 quo
644 4268 853 4323 commendetur
871 4267 1053 4338 compositum
1069 4287 1220 4340 praemon·

68 4363 140 4415 stra
158 4351 286 4407 verbum.
316 4352 445 4408 Ceterum
463 4356 496 4408 cf.
515 4353 602 4426 praef.
621 4351 709 4408 Stichi
725 4371 753 4426 p.
771 4354 869 4428 xva]
