2946 5010
213 320 276 382 410
523 336 570 381 oa
593 335 808 383 ,anavarasro
832 336 1051 385 acaosrrcno

212 490 339 553 demum
365 489 572 573 repetendam
599 511 668 553 esse
691 492 825 573 apparet
847 490 1012 574 vulgatam
1040 513 1127 556 suum
1155 493 1358 576 scripturam,

213 601 301 664 cuius
328 599 393 664 iam
426 621 523 683 supra
550 601 672 663 mentio
700 600 808 664 fiebat.
859 600 972 684 Itaque
1000 604 1036 665 01
1068 602 1210 667 breviter
1238 603 1360 668 dicam:

211 711 363 795 quoniam
384 710 542 795 bisyllaba
564 732 640 774 voce
669 732 748 795 opus
770 710 923 775 habemus
945 712 980 776 in
1009 716 1108 796 sext0,
1139 715 1372 799 monosyllaba

1322 816 1336 839 a

212 850 319 911 autem
346 848 382 912 in
410 847 546 932 septimo
573 869 682 911 versu:
711 850 879 932 utramque
912 852 1061 932 putamus
1083 850 1118 913 in
1148 860 1361 940 0000110·ρο

211 958 358 1041 formam,
382 961 551 1043 postquam
573 958 685 1022 turbae
704 957 767 1023 huc
782 960 979 1042 invaserunt,
1004 960 1170 1044 coaluisse,
1196 965 1292 1046 atque
1316 962 1362 1027 sic

212 1070 348 1154 scriptos
370 1069 428 1134 hos
453 1090 524 1134 cum
546 1070 708 1152 superiore
730 1092 840 1134 versus
865 1069 941 1133 olim
965 1071 1143 1136 exstitisse:

318 1248 406 1287 suurn
428 1230 550 1288 arcessit
572 1248 699 1289 servos
723 1219 910 1287 dominum
932 1228 1070 1303 Athenis,
1094 1234 1124 1288 et
1147 1232 1229 1289 forat

318 1315 445 1390 geminis
468 1333 655 1373 communem
677 1317 771 1373 scite
792 1314 938 1388 parietem
961 1315 1097 1388 aedibus,

318 1401 422 1458 liceret
443 1403 477 1458 ut
500 1400 593 1459 clam
616 1399 772 1459 convenire
795 1399 977 1460 amantibus.

297 1556 461 1642 Pergimus
494 1556 534 1621 ad
567 1563 761 1622 obhaerentes
784 1577 875 1622 versu
897 1556 916 1620 8
940 1561 1095 1621 amantes.
1141 1559 1251 1644 Atque
1275 1565 1362 1625 oblae-

211 1677 305 1733 reutr's
332 1668 456 1732 codices
484 1667 637 1733 exhibent
664 1689 788 1749 omnes,
817 1672 986 1755 obterentis
1007 1668 1159 1753 princeps
1188 1670 1304 1735 editio:
1330 1672 1365 1736 10

212 1780 300 1843 cuius
322 1778 428 1842 locum
443 1786 607 1843 osculantis
622 1777 822 1844 Camerarius
844 1760 1012 1842 substituit
1033 1778 1164 1863 eiusque
1188 1784 1365 1846 commenti

211 1889 391 1953 laudatores
415 1889 605 1954 Lambinum
627 1889 935 1973 Taubmannumque
968 1889 1107 1954 invenit:
1147 1891 1243 1955 credo
1280 1894 1366 1977 quod

211 2001 313 2064 tribus
341 1999 402 2064 hoc
430 2000 560 2085 syllabis
589 2000 693 2064 efferri
714 2022 808 2084 posse
835 1999 896 2063 sibi
918 2005 1153 2085 persuaserant.
1201 2001 1288 2078 Quid
1310 2026 1365 2067 00-

211 2111 302 2176 tem?
328 2111 409 2196 quod
433 2110 574 2177 Vltimus
600 2111 654 2175 1110
689 2111 783 2175 solita
813 2112 945 2196 ignavia
974 2116 1136 2176 servatum
1165 2119 1367 2179 adhaerentes

212 2226 245 2287 et
271 2230 483 2304 amplectentes
511 2244 543 2287 se
569 2229 695 2287 inuicem
723 2222 917 2305 explicatum
940 2227 1047 2307 (quam
1069 2223 1199 2308 quidem
1222 2226 1365 2309 explica·

211 2334 332 2399 tionem
354 2333 432 2398 Pius
454 2334 653 2417 praeiverat:
677 2339 818 2410 adhaese,
839 2341 969 2413 pressim
991 2347 1020 2398 et
1042 2341 1263 2413 adclamantem
1285 2360 1364 2402 eom-

208 2450 326 2529 plexos)
340 2446 396 2533 'sic
418 2445 542 2509 scilicet
565 2444 734 2508 conciliare
763 2466 835 2507 cum
858 2467 1061 2509 numerorum
1090 2446 1275 2511 rationibus
1299 2471 1364 2513 non

212 2557 352 2621 erubuit:

317 2699 512 2757 obhaerentes
536 2699 634 2758 custos
656 2699 711 2756 hos
733 2697 816 2756 videt
837 2697 873 2755 dc
897 2696 1017 2774 tegulis.

211 2830 382 2894 Mirificum
405 2829 512 2894 hercle
534 2829 702 2893 inventum
725 2851 761 2893 ac
784 2829 918 2914 dignum
941 2851 1002 2913 quo
1029 2827 1132 2893 lexica
1155 2853 1295 2916 propere
1319 2834 1363 2899 lo·

213 2940 430 3024 cupletentur,
467 2962 548 3025 quae
582 2940 641 3003 etsi
670 2945 876 3004 obhaerentem
906 2947 937 3005 in
965 2946 1062 3006 medio
1093 2949 1221 3020 flumine
1254 2966 1362 3024 equum

211 3055 341 3134 norunt,
366 3051 416 3115 101
437 3072 541 3117 novem
564 3057 653 3129 vade,
678 3057 823 3115 lacinium
846 3060 1043 3129 consumenti
1063 3057 1289 3138 obhaerentem,
1315 3061 1362 3119 ta-

211 3182 285 3225 men
313 3166 507 3227 obhaerentes
535 3173 685 3244 amanter,
709 3161 825 3225 omisso
848 3161 926 3225 adeo
948 3167 1005 3226 sibi
1025 3164 1227 3247 pronomine,
1258 3167 1363 3231 adhuc

210 3272 412 3356 ignorarunt.
459 3272 520 3338 Sed
544 3276 653 3337 tamen
678 3308 714 3319 -
738 3272 847 3336 taedet
869 3273 955 3337 enim
977 3272 1038 3337 hoc
1060 3274 1208 3358 persequi
1232 3275 1363 3362 longius

210 3422 254 3432 -
274 3382 360 3447 haud
387 3384 452 3448 scio
481 3406 523 3448 an
551 3406 592 3448 ne
622 3390 786 3449 obltaerens
812 3396 911 3448 eustos
939 3383 1082 3467 quidem,
1112 3405 1209 3468 quem
1238 3392 1364 3452 susten-

211 3494 303 3558 tandi
324 3515 433 3557 versus
457 3517 568 3567 caussa
592 3495 837 3579 haudquaquam
859 3495 968 3579 inepte
987 3494 1122 3558 Bothius
1145 3494 1289 3581 induxit,
1315 3504 1366 3563 sat

212 3606 375 3670 commode
397 3605 576 3689 usitateque
599 3605 733 3670 dicatur.
766 3605 814 3669 Ea
838 3606 923 3669 enim
939 3627 1014 3670 voce
1037 3609 1073 3668 ut
1094 3605 1236 3671 infestae
1261 3610 1365 3677 cuius·

212 3718 285 3782 dam
308 3717 471 3783 custodiae
498 3716 676 3801 pertinacia
698 3716 886 3800 declaretur,
918 3722 953 3782 ob
975 3716 1170 3801 praepositio
1194 3722 1309 3784 autem
1331 3723 1367 3786 in

212 3830 344 3893 eandem
366 3831 493 3913 partem
508 3832 603 3912 atque
627 3833 776 3892 occalluere
797 3828 912 3909 valeat,
936 3826 1019 3910 quod
1043 3825 1102 3891 hac
1118 3826 1368 3911 significatione

219 4004 352 4011 Μ.
365 4006 419 4011 1--.

211 4100 385 4168 Argumenta
403 4119 458 4155 non
476 4099 531 4154 sint
549 4082 612 4153 00111
629 4098 777 4153 Vrsiniano
795 4099 843 4151 illo
863 4098 981 4164 conlata,
999 4097 1079 4151 huius
1097 4115 1115 4152 a
1132 4099 1293 4158 Decurtato
1314 4105 1369 4159 dis-

212 4193 383 4263 crepantiam
405 4194 479 4248 infra
500 4193 594 4263 posui:
664 4212 689 4247 v.
709 4201 724 4247 3
748 4197 839 4261 ipsius
861 4193 926 4245 ante
949 4208 1075 4246 rasuram
1149 4207 1286 4264 consuat,
1318 4201 1368 4253 sed

212 4288 313 4352 quarta
334 4287 429 4342 littera
452 4304 467 4341 c
490 4289 649 4342 correctura
670 4286 777 4356 primae
801 4303 911 4350 manus;
938 4294 1051 4355 captust
1069 4302 1140 4353 mrg.
1161 4303 1198 4338 m.
1220 4307 1274 4343 sec.
1351 4300 1367 4346 8

130 4412 134 4417 1
213 4382 284 4437 uidit
355 4386 384 4432 12
403 4381 594 4449 0001010001·
664 4382 816 4436 13101001
886 4380 1318 4454 14000001010110101000]
