<?xml version="1.0" encoding="UTF-8"?>
<!DOCTYPE html PUBLIC "-//W3C//DTD XHTML 1.0 Transitional//EN"
    "http://www.w3.org/TR/xhtml1/DTD/xhtml1-transitional.dtd">
<html xmlns="http://www.w3.org/1999/xhtml" xml:lang="en" lang="en">
 <head>
  <title>
</title>
<meta http-equiv="Content-Type" content="text/html;charset=utf-8" />
  <meta name='ocr-system' content='tesseract 3.04.00' />
  <meta name='ocr-capabilities' content='ocr_page ocr_carea ocr_par ocr_line ocrx_word'/>
</head>
<body>
  <div class='ocr_page' id='page_1' title='image "./fridericiritsch00wachgoog/fridericiritsch00wachgoog_0280.png"; bbox 0 0 2948 4994; ppageno 0'>
   <div class='ocr_carea' id='block_1_1' title="bbox 429 339 1230 405">
    <p class='ocr_par' dir='ltr' id='par_1_1' title="bbox 429 339 1230 405">
     <span class='ocr_line' id='line_1_1' title="bbox 429 339 1230 405; baseline -0.001 -2"><span class='ocrx_word' id='word_1_1' title='bbox 429 356 649 405; x_wconf 69' lang='lat' dir='ltr'>ocosse-mvn</span> <span class='ocrx_word' id='word_1_2' title='bbox 674 356 890 403; x_wconf 73' lang='lat' dir='ltr'>mavmuvn.</span> <span class='ocrx_word' id='word_1_3' title='bbox 1168 339 1230 403; x_wconf 82' lang='grc'>249</span> 
     </span>
    </p>
   </div>
   <div class='ocr_carea' id='block_1_2' title="bbox 86 509 1286 3689">
    <p class='ocr_par' dir='ltr' id='par_1_2' title="bbox 86 509 1286 3689">
     <span class='ocr_line' id='line_1_2' title="bbox 86 509 1232 595; baseline -0.002 -19"><span class='ocrx_word' id='word_1_4' title='bbox 86 511 231 576; x_wconf 82' lang='lat' dir='ltr'>Eandem</span> <span class='ocrx_word' id='word_1_5' title='bbox 258 511 312 574; x_wconf 89' lang='lat' dir='ltr'>ille</span> <span class='ocrx_word' id='word_1_6' title='bbox 341 518 425 575; x_wconf 81' lang='lat' dir='ltr'>nevis</span> <span class='ocrx_word' id='word_1_7' title='bbox 453 510 594 595; x_wconf 85' lang='lat' dir='ltr'>glossam</span> <span class='ocrx_word' id='word_1_8' title='bbox 618 510 707 586; x_wconf 62' lang='lat' dir='ltr'>iusta</span> <span class='ocrx_word' id='word_1_9' title='bbox 729 517 828 574; x_wconf 85' lang='lat' dir='ltr'>nevolt</span> <span class='ocrx_word' id='word_1_10' title='bbox 851 509 1011 593; x_wconf 75' lang='lat' dir='ltr'>excerpsit</span> <span class='ocrx_word' id='word_1_11' title='bbox 1033 515 1052 592; x_wconf 65' lang='grc' dir='ltr'><strong>ξ</strong></span> <span class='ocrx_word' id='word_1_12' title='bbox 1075 511 1127 573; x_wconf 90' lang='grc'>42.</span> <span class='ocrx_word' id='word_1_13' title='bbox 1150 511 1232 574; x_wconf 86' lang='grc'>438</span> 
     </span>
     <span class='ocr_line' id='line_1_3' title="bbox 86 620 1231 705; baseline -0.002 -20"><span class='ocrx_word' id='word_1_14' title='bbox 86 621 265 685; x_wconf 86' lang='lat' dir='ltr'>Trinummi</span> <span class='ocrx_word' id='word_1_15' title='bbox 279 620 322 703; x_wconf 88' lang='grc' dir='ltr'>ΙΙ,</span> <span class='ocrx_word' id='word_1_16' title='bbox 339 621 370 702; x_wconf 98' lang='grc'>2,</span> <span class='ocrx_word' id='word_1_17' title='bbox 387 621 427 684; x_wconf 81' lang='grc'>47</span> <span class='ocrx_word' id='word_1_18' title='bbox 451 620 544 705; x_wconf 85' lang='grc'>(328)</span> <span class='ocrx_word' id='word_1_19' title='bbox 566 626 593 684; x_wconf 82' lang='lat' dir='ltr'>si</span> <span class='ocrx_word' id='word_1_20' title='bbox 606 632 639 684; x_wconf 86' lang='lat' dir='ltr'>tu</span> <span class='ocrx_word' id='word_1_21' title='bbox 654 642 714 684; x_wconf 92' lang='lat' dir='ltr'>non</span> <span class='ocrx_word' id='word_1_22' title='bbox 731 627 822 697; x_wconf 79' lang='lat' dir='ltr'>nevis,</span> <span class='ocrx_word' id='word_1_23' title='bbox 848 623 943 704; x_wconf 76' lang='lat' dir='ltr'>atque</span> <span class='ocrx_word' id='word_1_24' title='bbox 966 624 1022 684; x_wconf 86' lang='lat' dir='ltr'>aut</span> <span class='ocrx_word' id='word_1_25' title='bbox 1037 643 1054 684; x_wconf 89' lang='lat' dir='ltr'>e</span> <span class='ocrx_word' id='word_1_26' title='bbox 1068 620 1111 702; x_wconf 92' lang='grc'>11,</span> <span class='ocrx_word' id='word_1_27' title='bbox 1135 620 1166 703; x_wconf 91' lang='grc'>2,</span> <span class='ocrx_word' id='word_1_28' title='bbox 1191 621 1231 685; x_wconf 94' lang='grc'>82</span> 
     </span>
     <span class='ocr_line' id='line_1_4' title="bbox 88 732 1230 817; baseline -0.002 -21"><span class='ocrx_word' id='word_1_29' title='bbox 88 732 176 817; x_wconf 86' lang='grc'>(361)</span> <span class='ocrx_word' id='word_1_30' title='bbox 199 739 294 796; x_wconf 85' lang='lat' dir='ltr'>multa</span> <span class='ocrx_word' id='word_1_31' title='bbox 327 736 442 795; x_wconf 76' lang='lat' dir='ltr'>homini</span> <span class='ocrx_word' id='word_1_32' title='bbox 462 735 616 808; x_wconf 64' lang='lat' dir='ltr'>ueniunt,</span> <span class='ocrx_word' id='word_1_33' title='bbox 641 751 720 810; x_wconf 80' lang='lat' dir='ltr'>quae</span> <span class='ocrx_word' id='word_1_34' title='bbox 742 738 810 803; x_wconf 84' lang='lat' dir='ltr'>volt,</span> <span class='ocrx_word' id='word_1_35' title='bbox 834 735 918 810; x_wconf 81' lang='lat' dir='ltr'>quve&#39;</span> <span class='ocrx_word' id='word_1_36' title='bbox 936 737 1048 808; x_wconf 85' lang='lat' dir='ltr'>nevolt,</span> <span class='ocrx_word' id='word_1_37' title='bbox 1085 734 1141 794; x_wconf 90' lang='lat' dir='ltr'>aut</span> <span class='ocrx_word' id='word_1_38' title='bbox 1162 753 1178 794; x_wconf 93' lang='lat' dir='ltr'>e</span> <span class='ocrx_word' id='word_1_39' title='bbox 1202 754 1230 794; x_wconf 89' lang='grc'>8.</span> 
     </span>
     <span class='ocr_line' id='line_1_5' title="bbox 89 837 1232 928; baseline -0.003 -21"><span class='ocrx_word' id='word_1_40' title='bbox 89 844 129 907; x_wconf 82' lang='grc'>85</span> <span class='ocrx_word' id='word_1_41' title='bbox 152 842 243 928; x_wconf 88' lang='grc'>(364)</span> <span class='ocrx_word' id='word_1_42' title='bbox 267 847 314 906; x_wconf 88' lang='lat' dir='ltr'>Eo</span> <span class='ocrx_word' id='word_1_43' title='bbox 336 858 396 906; x_wconf 87' lang='lat' dir='ltr'>nvn</span> <span class='ocrx_word' id='word_1_44' title='bbox 419 848 524 913; x_wconf 85' lang='lat' dir='ltr'>multu,</span> <span class='ocrx_word' id='word_1_45' title='bbox 558 846 641 921; x_wconf 79' lang='lat' dir='ltr'>quve&#39;</span> <span class='ocrx_word' id='word_1_46' title='bbox 659 848 767 914; x_wconf 84' lang='lat' dir='ltr'>nevolt,</span> <span class='ocrx_word' id='word_1_47' title='bbox 801 844 951 906; x_wconf 75' lang='lat' dir='ltr'>eveniunt.</span> <span class='ocrx_word' id='word_1_48' title='bbox 1002 837 1143 917; x_wconf 82' lang='lat' dir='ltr'>Quorum</span> <span class='ocrx_word' id='word_1_49' title='bbox 1164 863 1232 905; x_wconf 88' lang='lat' dir='ltr'>ver-</span> 
     </span>
     <span class='ocr_line' id='line_1_6' title="bbox 88 943 1232 1045; baseline 0 -28"><span class='ocrx_word' id='word_1_50' title='bbox 88 943 181 1018; x_wconf 86' lang='lat' dir='ltr'>suum</span> <span class='ocrx_word' id='word_1_51' title='bbox 195 953 318 1038; x_wconf 85' lang='lat' dir='ltr'>primus</span> <span class='ocrx_word' id='word_1_52' title='bbox 340 950 480 1039; x_wconf 79' lang='lat' dir='ltr'>ostendit</span> <span class='ocrx_word' id='word_1_53' title='bbox 501 973 570 1045; x_wconf 89' lang='lat' dir='ltr'>non</span> <span class='ocrx_word' id='word_1_54' title='bbox 585 951 789 1016; x_wconf 86' lang='lat' dir='ltr'>Ambrosiani</span> <span class='ocrx_word' id='word_1_55' title='bbox 814 952 863 1036; x_wconf 89' lang='lat' dir='ltr'>(in</span> <span class='ocrx_word' id='word_1_56' title='bbox 885 974 948 1036; x_wconf 91' lang='lat' dir='ltr'>quo</span> <span class='ocrx_word' id='word_1_57' title='bbox 971 956 1019 1017; x_wconf 92' lang='lat' dir='ltr'>est</span> <span class='ocrx_word' id='word_1_58' title='bbox 1040 959 1100 1016; x_wconf 78' lang='lat' dir='ltr'>nisi</span> <span class='ocrx_word' id='word_1_59' title='bbox 1119 962 1150 1016; x_wconf 91' lang='lat' dir='ltr'>tu</span> <span class='ocrx_word' id='word_1_60' title='bbox 1172 974 1232 1017; x_wconf 90' lang='lat' dir='ltr'>non</span> 
     </span>
     <span class='ocr_line' id='line_1_7' title="bbox 88 1061 1232 1150; baseline -0.003 -21"><span class='ocrx_word' id='word_1_61' title='bbox 88 1065 162 1150; x_wconf 81' lang='lat' dir='ltr'>uis),</span> <span class='ocrx_word' id='word_1_62' title='bbox 194 1063 249 1128; x_wconf 89' lang='lat' dir='ltr'>sed</span> <span class='ocrx_word' id='word_1_63' title='bbox 277 1062 496 1126; x_wconf 87' lang='lat' dir='ltr'>Palatinorum</span> <span class='ocrx_word' id='word_1_64' title='bbox 524 1061 620 1126; x_wconf 83' lang='lat' dir='ltr'>simili</span> <span class='ocrx_word' id='word_1_65' title='bbox 643 1062 867 1143; x_wconf 80' lang='lat' dir='ltr'>recensione*)</span> <span class='ocrx_word' id='word_1_66' title='bbox 895 1085 987 1126; x_wconf 92' lang='lat' dir='ltr'>usum</span> <span class='ocrx_word' id='word_1_67' title='bbox 1016 1083 1084 1125; x_wconf 90' lang='lat' dir='ltr'>esse</span> <span class='ocrx_word' id='word_1_68' title='bbox 1113 1062 1232 1147; x_wconf 82' lang='lat' dir='ltr'>glosso-</span> 
     </span>
     <span class='ocr_line' id='line_1_8' title="bbox 90 1172 1232 1260; baseline -0.001 -21"><span class='ocrx_word' id='word_1_69' title='bbox 90 1174 258 1260; x_wconf 81' lang='lat' dir='ltr'>graphnm.</span> <span class='ocrx_word' id='word_1_70' title='bbox 291 1211 334 1222; x_wconf 85' lang='lat'>-—</span> <span class='ocrx_word' id='word_1_71' title='bbox 366 1172 538 1236; x_wconf 88' lang='lat' dir='ltr'>Praeterea</span> <span class='ocrx_word' id='word_1_72' title='bbox 570 1180 652 1237; x_wconf 84' lang='lat' dir='ltr'>nevis</span> <span class='ocrx_word' id='word_1_73' title='bbox 683 1172 770 1236; x_wconf 87' lang='lat' dir='ltr'>infra</span> <span class='ocrx_word' id='word_1_74' title='bbox 792 1173 874 1236; x_wconf 90' lang='lat' dir='ltr'>redit</span> <span class='ocrx_word' id='word_1_75' title='bbox 897 1178 916 1254; x_wconf 66' lang='grc' dir='ltr'>ξ</span> <span class='ocrx_word' id='word_1_76' title='bbox 938 1175 980 1238; x_wconf 81' lang='grc'>58</span> <span class='ocrx_word' id='word_1_77' title='bbox 1003 1196 1020 1238; x_wconf 88' lang='grc'>8</span> <span class='ocrx_word' id='word_1_78' title='bbox 1042 1173 1232 1238; x_wconf 84' lang='lat' dir='ltr'>Mercatoris</span> 
     </span>
     <span class='ocr_line' id='line_1_9' title="bbox 90 1284 1230 1370; baseline -0.001 -21"><span class='ocrx_word' id='word_1_79' title='bbox 90 1285 115 1367; x_wconf 87' lang='lat' dir='ltr'>l,</span> <span class='ocrx_word' id='word_1_80' title='bbox 149 1285 180 1368; x_wconf 95' lang='grc'>2,</span> <span class='ocrx_word' id='word_1_81' title='bbox 214 1285 256 1349; x_wconf 87' lang='grc'>39</span> <span class='ocrx_word' id='word_1_82' title='bbox 279 1284 370 1370; x_wconf 81' lang='grc'>(151))</span> <span class='ocrx_word' id='word_1_83' title='bbox 412 1285 468 1348; x_wconf 82' lang='lat' dir='ltr'>Vv&#39;n</span> <span class='ocrx_word' id='word_1_84' title='bbox 503 1296 535 1348; x_wconf 89' lang='lat' dir='ltr'>tu</span> <span class='ocrx_word' id='word_1_85' title='bbox 567 1296 594 1347; x_wconf 85' lang='lat' dir='ltr'>te</span> <span class='ocrx_word' id='word_1_86' title='bbox 626 1291 668 1347; x_wconf 83' lang='lat' dir='ltr'>mi</span> <span class='ocrx_word' id='word_1_87' title='bbox 688 1305 751 1347; x_wconf 85' lang='lat' dir='ltr'>esse</span> <span class='ocrx_word' id='word_1_88' title='bbox 772 1287 977 1363; x_wconf 82' lang='lat' dir='ltr'>obsequentem</span> <span class='ocrx_word' id='word_1_89' title='bbox 1000 1288 1040 1349; x_wconf 77' lang='lat' dir='ltr'>rin</span> <span class='ocrx_word' id='word_1_90' title='bbox 1064 1291 1169 1350; x_wconf 82' lang='lat' dir='ltr'>nevis?</span> <span class='ocrx_word' id='word_1_91' title='bbox 1196 1322 1230 1331; x_wconf 93' lang='lat'>-</span> 
     </span>
     <span class='ocr_line' id='line_1_10' title="bbox 92 1393 1232 1480; baseline -0.003 -20"><span class='ocrx_word' id='word_1_92' title='bbox 92 1396 239 1461; x_wconf 82' lang='lat' dir='ltr'>Ceterum</span> <span class='ocrx_word' id='word_1_93' title='bbox 271 1402 354 1460; x_wconf 77' lang='lat' dir='ltr'>nevis</span> <span class='ocrx_word' id='word_1_94' title='bbox 376 1402 475 1459; x_wconf 81' lang='lat' dir='ltr'>nevolt</span> <span class='ocrx_word' id='word_1_95' title='bbox 497 1393 649 1479; x_wconf 88' lang='lat' dir='ltr'>quoniam</span> <span class='ocrx_word' id='word_1_96' title='bbox 671 1415 736 1458; x_wconf 92' lang='lat' dir='ltr'>non</span> <span class='ocrx_word' id='word_1_97' title='bbox 759 1398 835 1457; x_wconf 88' lang='lat' dir='ltr'>sunt</span> <span class='ocrx_word' id='word_1_98' title='bbox 857 1395 1018 1474; x_wconf 77' lang='lat' dir='ltr'>adverbia,</span> <span class='ocrx_word' id='word_1_99' title='bbox 1051 1395 1232 1480; x_wconf 79' lang='lat' dir='ltr'>glossogra-</span> 
     </span>
     <span class='ocr_line' id='line_1_11' title="bbox 90 1504 1234 1590; baseline -0.001 -21"><span class='ocrx_word' id='word_1_100' title='bbox 90 1505 189 1590; x_wconf 92' lang='lat' dir='ltr'>phum</span> <span class='ocrx_word' id='word_1_101' title='bbox 222 1508 357 1589; x_wconf 89' lang='lat' dir='ltr'>apparet</span> <span class='ocrx_word' id='word_1_102' title='bbox 387 1527 440 1569; x_wconf 84' lang='lat' dir='ltr'>ees</span> <span class='ocrx_word' id='word_1_103' title='bbox 462 1505 581 1569; x_wconf 84' lang='lat' dir='ltr'>formas</span> <span class='ocrx_word' id='word_1_104' title='bbox 604 1508 730 1588; x_wconf 86' lang='lat' dir='ltr'>praeter</span> <span class='ocrx_word' id='word_1_105' title='bbox 752 1504 910 1568; x_wconf 86' lang='lat' dir='ltr'>rationem</span> <span class='ocrx_word' id='word_1_106' title='bbox 933 1506 1093 1590; x_wconf 88' lang='lat' dir='ltr'>accepisse</span> <span class='ocrx_word' id='word_1_107' title='bbox 1115 1527 1173 1590; x_wconf 90' lang='lat' dir='ltr'>pro</span> <span class='ocrx_word' id='word_1_108' title='bbox 1196 1527 1234 1569; x_wconf 87' lang='lat' dir='ltr'>ne</span> 
     </span>
     <span class='ocr_line' id='line_1_12' title="bbox 94 1614 1234 1700; baseline -0.004 -19"><span class='ocrx_word' id='word_1_109' title='bbox 94 1625 151 1694; x_wconf 82' lang='lat' dir='ltr'>vis,</span> <span class='ocrx_word' id='word_1_110' title='bbox 187 1638 226 1681; x_wconf 90' lang='lat' dir='ltr'>ne</span> <span class='ocrx_word' id='word_1_111' title='bbox 258 1624 333 1681; x_wconf 90' lang='lat' dir='ltr'>volt:</span> <span class='ocrx_word' id='word_1_112' title='bbox 366 1616 421 1700; x_wconf 91' lang='lat' dir='ltr'>qui</span> <span class='ocrx_word' id='word_1_113' title='bbox 454 1621 621 1700; x_wconf 87' lang='lat' dir='ltr'>practerea</span> <span class='ocrx_word' id='word_1_114' title='bbox 654 1616 754 1679; x_wconf 88' lang='lat' dir='ltr'>multo</span> <span class='ocrx_word' id='word_1_115' title='bbox 787 1616 879 1700; x_wconf 90' lang='lat' dir='ltr'>plura</span> <span class='ocrx_word' id='word_1_116' title='bbox 912 1616 1066 1681; x_wconf 84' lang='lat' dir='ltr'>ePlaulo</span> <span class='ocrx_word' id='word_1_117' title='bbox 1089 1614 1234 1699; x_wconf 82' lang='lat' dir='ltr'>exempla</span> 
     </span>
     <span class='ocr_line' id='line_1_13' title="bbox 94 1725 1235 1812; baseline -0.003 -21"><span class='ocrx_word' id='word_1_118' title='bbox 94 1731 223 1795; x_wconf 86' lang='lat' dir='ltr'>enotare</span> <span class='ocrx_word' id='word_1_119' title='bbox 255 1730 392 1812; x_wconf 82' lang='lat' dir='ltr'>poterat.</span> <span class='ocrx_word' id='word_1_120' title='bbox 447 1726 559 1810; x_wconf 86' lang='lat' dir='ltr'>Neque</span> <span class='ocrx_word' id='word_1_121' title='bbox 591 1726 669 1789; x_wconf 88' lang='lat' dir='ltr'>adeo</span> <span class='ocrx_word' id='word_1_122' title='bbox 702 1726 889 1792; x_wconf 81' lang='lat' dir='ltr'>incredibile</span> <span class='ocrx_word' id='word_1_123' title='bbox 922 1731 971 1791; x_wconf 86' lang='lat' dir='ltr'>est</span> <span class='ocrx_word' id='word_1_124' title='bbox 1004 1727 1125 1812; x_wconf 75' lang='lat' dir='ltr'>aliquot</span> <span class='ocrx_word' id='word_1_125' title='bbox 1156 1725 1235 1790; x_wconf 89' lang='lat' dir='ltr'>locis</span> 
     </span>
     <span class='ocr_line' id='line_1_14' title="bbox 92 1835 1234 1920; baseline -0.001 -20"><span class='ocrx_word' id='word_1_126' title='bbox 92 1838 273 1902; x_wconf 89' lang='lat' dir='ltr'>breviorem</span> <span class='ocrx_word' id='word_1_127' title='bbox 295 1839 431 1902; x_wconf 82' lang='lat' dir='ltr'>formam</span> <span class='ocrx_word' id='word_1_128' title='bbox 453 1838 657 1901; x_wconf 79' lang='lat' dir='ltr'>obscuratam</span> <span class='ocrx_word' id='word_1_129' title='bbox 680 1858 748 1900; x_wconf 85' lang='lat' dir='ltr'>esse</span> <span class='ocrx_word' id='word_1_130' title='bbox 770 1835 916 1902; x_wconf 90' lang='lat' dir='ltr'>inlibris</span> <span class='ocrx_word' id='word_1_131' title='bbox 938 1860 1026 1920; x_wconf 80' lang='lat' dir='ltr'>msa,</span> <span class='ocrx_word' id='word_1_132' title='bbox 1050 1840 1086 1901; x_wconf 87' lang='lat' dir='ltr'>ut</span> <span class='ocrx_word' id='word_1_133' title='bbox 1114 1836 1234 1900; x_wconf 87' lang='lat' dir='ltr'>factum</span> 
     </span>
     <span class='ocr_line' id='line_1_15' title="bbox 97 1947 1235 2034; baseline -0.004 -21"><span class='ocrx_word' id='word_1_134' title='bbox 97 1971 163 2013; x_wconf 87' lang='lat' dir='ltr'>esse</span> <span class='ocrx_word' id='word_1_135' title='bbox 185 1948 314 2034; x_wconf 83' lang='lat' dir='ltr'>Epidici</span> <span class='ocrx_word' id='word_1_136' title='bbox 337 1948 363 2031; x_wconf 85' lang='lat' dir='ltr'>l,</span> <span class='ocrx_word' id='word_1_137' title='bbox 390 1952 418 2032; x_wconf 87' lang='lat'>1,</span> <span class='ocrx_word' id='word_1_138' title='bbox 441 1948 485 2012; x_wconf 79' lang='lat'>40</span> <span class='ocrx_word' id='word_1_139' title='bbox 505 1947 613 2031; x_wconf 88' lang='lat' dir='ltr'>paullo</span> <span class='ocrx_word' id='word_1_140' title='bbox 636 1951 711 2010; x_wconf 84' lang='lat' dir='ltr'>ante</span> <span class='ocrx_word' id='word_1_141' title='bbox 733 1947 881 2011; x_wconf 87' lang='lat' dir='ltr'>vidimus.</span> <span class='ocrx_word' id='word_1_142' title='bbox 927 1947 1126 2032; x_wconf 80' lang='lat' dir='ltr'>Quamquam</span> <span class='ocrx_word' id='word_1_143' title='bbox 1149 1947 1235 2010; x_wconf 89' lang='lat' dir='ltr'>enim</span> 
     </span>
     <span class='ocr_line' id='line_1_16' title="bbox 92 2057 1235 2144; baseline -0.001 -22"><span class='ocrx_word' id='word_1_144' title='bbox 92 2059 257 2123; x_wconf 81' lang='lat' dir='ltr'>fatendum</span> <span class='ocrx_word' id='word_1_145' title='bbox 291 2063 340 2124; x_wconf 89' lang='lat' dir='ltr'>est</span> <span class='ocrx_word' id='word_1_146' title='bbox 362 2063 481 2124; x_wconf 78' lang='grc'>8881888</span> <span class='ocrx_word' id='word_1_147' title='bbox 505 2080 651 2122; x_wconf 81' lang='lat' dir='ltr'>caussam</span> <span class='ocrx_word' id='word_1_148' title='bbox 672 2058 722 2122; x_wconf 89' lang='lat' dir='ltr'>vel</span> <span class='ocrx_word' id='word_1_149' title='bbox 749 2058 889 2142; x_wconf 89' lang='lat' dir='ltr'>aliquam</span> <span class='ocrx_word' id='word_1_150' title='bbox 912 2057 1159 2144; x_wconf 79' lang='lat' dir='ltr'>argumentandi</span> <span class='ocrx_word' id='word_1_151' title='bbox 1181 2079 1235 2121; x_wconf 89' lang='lat' dir='ltr'>ne·</span> 
     </span>
     <span class='ocr_line' id='line_1_17' title="bbox 93 2168 1235 2254; baseline -0.002 -20"><span class='ocrx_word' id='word_1_152' title='bbox 93 2171 275 2235; x_wconf 74' lang='lat' dir='ltr'>cessitatem</span> <span class='ocrx_word' id='word_1_153' title='bbox 296 2170 331 2235; x_wconf 89' lang='lat' dir='ltr'>iu</span> <span class='ocrx_word' id='word_1_154' title='bbox 355 2173 505 2254; x_wconf 88' lang='lat' dir='ltr'>promptu</span> <span class='ocrx_word' id='word_1_155' title='bbox 527 2189 593 2232; x_wconf 90' lang='lat' dir='ltr'>non</span> <span class='ocrx_word' id='word_1_156' title='bbox 616 2190 695 2252; x_wconf 77' lang='lat' dir='ltr'>esse,</span> <span class='ocrx_word' id='word_1_157' title='bbox 719 2191 776 2233; x_wconf 90' lang='lat' dir='ltr'>eur</span> <span class='ocrx_word' id='word_1_158' title='bbox 798 2169 1049 2232; x_wconf 86' lang='lat' dir='ltr'>velAululariae</span> <span class='ocrx_word' id='word_1_159' title='bbox 1071 2168 1115 2251; x_wconf 86' lang='grc' dir='ltr'>Π,</span> <span class='ocrx_word' id='word_1_160' title='bbox 1142 2171 1169 2251; x_wconf 92' lang='grc'>1,</span> <span class='ocrx_word' id='word_1_161' title='bbox 1194 2169 1235 2234; x_wconf 86' lang='grc'>39</span> 
     </span>
     <span class='ocr_line' id='line_1_18' title="bbox 94 2279 1236 2364; baseline -0.002 -20"><span class='ocrx_word' id='word_1_162' title='bbox 94 2283 171 2345; x_wconf 76' lang='lat' dir='ltr'>Num</span> <span class='ocrx_word' id='word_1_163' title='bbox 187 2290 270 2345; x_wconf 82' lang='lat' dir='ltr'>nevis</span> <span class='ocrx_word' id='word_1_164' title='bbox 283 2303 330 2345; x_wconf 85' lang='lat' dir='ltr'>me</span> <span class='ocrx_word' id='word_1_165' title='bbox 345 2286 539 2358; x_wconf 69' lang='lat' dir='ltr'>interrepere</span> <span class='ocrx_word' id='word_1_166' title='bbox 561 2290 640 2342; x_wconf 92' lang='lat' dir='ltr'>te—</span> <span class='ocrx_word' id='word_1_167' title='bbox 653 2279 812 2342; x_wconf 87' lang='lat' dir='ltr'>scribatur</span> <span class='ocrx_word' id='word_1_168' title='bbox 834 2301 893 2364; x_wconf 91' lang='lat' dir='ltr'>pro</span> <span class='ocrx_word' id='word_1_169' title='bbox 916 2284 995 2343; x_wconf 87' lang='lat' dir='ltr'>Num</span> <span class='ocrx_word' id='word_1_170' title='bbox 1018 2301 1078 2343; x_wconf 90' lang='lat' dir='ltr'>nvn</span> <span class='ocrx_word' id='word_1_171' title='bbox 1101 2286 1162 2361; x_wconf 76' lang='lat' dir='ltr'>vis3</span> <span class='ocrx_word' id='word_1_172' title='bbox 1185 2279 1236 2342; x_wconf 87' lang='lat' dir='ltr'>vel</span> 
     </span>
     <span class='ocr_line' id='line_1_19' title="bbox 93 2390 1237 2475; baseline -0.001 -21"><span class='ocrx_word' id='word_1_173' title='bbox 93 2391 289 2475; x_wconf 82' lang='lat' dir='ltr'>EpidiciIV‚</span> <span class='ocrx_word' id='word_1_174' title='bbox 313 2393 343 2474; x_wconf 96' lang='grc'>2,</span> <span class='ocrx_word' id='word_1_175' title='bbox 371 2393 409 2456; x_wconf 86' lang='grc'>15</span> <span class='ocrx_word' id='word_1_176' title='bbox 432 2393 468 2455; x_wconf 79' lang='lat' dir='ltr'>Si</span> <span class='ocrx_word' id='word_1_177' title='bbox 486 2397 592 2455; x_wconf 81' lang='lat' dir='ltr'>nevolt.</span> <span class='ocrx_word' id='word_1_178' title='bbox 617 2395 753 2468; x_wconf 78' lang='lat' dir='ltr'>equidem</span> <span class='ocrx_word' id='word_1_179' title='bbox 775 2393 834 2453; x_wconf 78' lang='lat' dir='ltr'>hvic</span> <span class='ocrx_word' id='word_1_180' title='bbox 857 2395 952 2454; x_wconf 77' lang='lat' dir='ltr'>invite</span> <span class='ocrx_word' id='word_1_181' title='bbox 977 2426 1013 2436; x_wconf 96' lang='lat'><em>-</em></span> <span class='ocrx_word' id='word_1_182' title='bbox 1038 2410 1096 2472; x_wconf 89' lang='lat' dir='ltr'>pro</span> <span class='ocrx_word' id='word_1_183' title='bbox 1118 2390 1156 2452; x_wconf 81' lang='lat' dir='ltr'>Sr&#39;</span> <span class='ocrx_word' id='word_1_184' title='bbox 1177 2410 1237 2453; x_wconf 90' lang='lat' dir='ltr'>non</span> 
     </span>
     <span class='ocr_line' id='line_1_20' title="bbox 97 2498 1238 2585; baseline -0.004 -20"><span class='ocrx_word' id='word_1_185' title='bbox 97 2509 156 2565; x_wconf 87' lang='lat' dir='ltr'>volt</span> <span class='ocrx_word' id='word_1_186' title='bbox 171 2502 241 2585; x_wconf 87' lang='lat' dir='ltr'>(nbi</span> <span class='ocrx_word' id='word_1_187' title='bbox 252 2505 360 2564; x_wconf 86' lang='lat' dir='ltr'>tamen</span> <span class='ocrx_word' id='word_1_188' title='bbox 374 2500 554 2566; x_wconf 88' lang='lat' dir='ltr'>Bothianae</span> <span class='ocrx_word' id='word_1_189' title='bbox 573 2501 743 2576; x_wconf 75' lang='lat' dir='ltr'>mutationi</span> <span class='ocrx_word' id='word_1_190' title='bbox 762 2499 850 2563; x_wconf 81' lang='lat' dir='ltr'>favet</span> <span class='ocrx_word' id='word_1_191' title='bbox 862 2500 997 2584; x_wconf 79' lang='lat' dir='ltr'>proximi</span> <span class='ocrx_word' id='word_1_192' title='bbox 1010 2521 1119 2563; x_wconf 81' lang='lat' dir='ltr'>versus</span> <span class='ocrx_word' id='word_1_193' title='bbox 1135 2498 1238 2562; x_wconf 82' lang='lat' dir='ltr'>exitus</span> 
     </span>
     <span class='ocr_line' id='line_1_21' title="bbox 94 2609 1237 2696; baseline -0.004 -20"><span class='ocrx_word' id='word_1_194' title='bbox 94 2620 121 2676; x_wconf 84' lang='lat' dir='ltr'>si</span> <span class='ocrx_word' id='word_1_195' title='bbox 135 2611 264 2696; x_wconf 83' lang='lat' dir='ltr'>nevolt);</span> <span class='ocrx_word' id='word_1_196' title='bbox 288 2611 337 2674; x_wconf 88' lang='lat' dir='ltr'>vel</span> <span class='ocrx_word' id='word_1_197' title='bbox 354 2619 426 2690; x_wconf 77' lang='lat' dir='ltr'>vum¹</span> <span class='ocrx_word' id='word_1_198' title='bbox 438 2620 537 2676; x_wconf 84' lang='lat' dir='ltr'>nevolt</span> <span class='ocrx_word' id='word_1_199' title='bbox 548 2612 684 2677; x_wconf 79' lang='lat' dir='ltr'>Casinas</span> <span class='ocrx_word' id='word_1_200' title='bbox 700 2633 792 2674; x_wconf 87' lang='lat' dir='ltr'>versu</span> <span class='ocrx_word' id='word_1_201' title='bbox 806 2609 865 2692; x_wconf 81' lang='lat' dir='ltr'>lll,</span> <span class='ocrx_word' id='word_1_202' title='bbox 882 2611 913 2692; x_wconf 83' lang='lat'>5,</span> <span class='ocrx_word' id='word_1_203' title='bbox 930 2610 972 2674; x_wconf 82' lang='lat'>56</span> <span class='ocrx_word' id='word_1_204' title='bbox 987 2630 1083 2694; x_wconf 89' lang='lat' dir='ltr'>supra</span> <span class='ocrx_word' id='word_1_205' title='bbox 1098 2612 1237 2673; x_wconf 85' lang='lat' dir='ltr'>tractato</span> 
     </span>
     <span class='ocr_line' id='line_1_22' title="bbox 95 2700 1237 2806; baseline -0.002 -21"><span class='ocrx_word' id='word_1_206' title='bbox 95 2726 114 2802; x_wconf 75' lang='lat' dir='ltr'>s</span> <span class='ocrx_word' id='word_1_207' title='bbox 141 2721 196 2805; x_wconf 79' lang='lat'>163</span> <span class='ocrx_word' id='word_1_208' title='bbox 219 2721 270 2785; x_wconf 75' lang='lat' dir='ltr'>ver</span> <span class='ocrx_word' id='word_1_209' title='bbox 291 2714 378 2785; x_wconf 66' lang='lat' dir='ltr'>uem</span> <span class='ocrx_word' id='word_1_210' title='bbox 403 2721 443 2805; x_wconf 87' lang='grc'>8,</span> <span class='ocrx_word' id='word_1_211' title='bbox 467 2721 497 2805; x_wconf 81' lang='lat'>2,</span> <span class='ocrx_word' id='word_1_212' title='bbox 521 2725 562 2788; x_wconf 81' lang='grc'>88</span> <span class='ocrx_word' id='word_1_213' title='bbox 587 2722 677 2806; x_wconf 83' lang='grc'>(888)</span> <span class='ocrx_word' id='word_1_214' title='bbox 700 2725 770 2785; x_wconf 74' lang='lat' dir='ltr'>ver</span> <span class='ocrx_word' id='word_1_215' title='bbox 789 2700 886 2804; x_wconf 65' lang='grc'>888,</span> <span class='ocrx_word' id='word_1_216' title='bbox 909 2721 958 2784; x_wconf 74' lang='lat' dir='ltr'>vei</span> <span class='ocrx_word' id='word_1_217' title='bbox 981 2720 1049 2784; x_wconf 84' lang='lat' dir='ltr'>Mil.</span> <span class='ocrx_word' id='word_1_218' title='bbox 1073 2719 1132 2797; x_wconf 85' lang='lat' dir='ltr'>ur,</span> <span class='ocrx_word' id='word_1_219' title='bbox 1151 2720 1179 2802; x_wconf 85' lang='grc' dir='ltr'>ι,</span> <span class='ocrx_word' id='word_1_220' title='bbox 1196 2719 1237 2783; x_wconf 88' lang='grc'>88</span> 
     </span>
     <span class='ocr_line' id='line_1_23' title="bbox 95 2830 1238 2917; baseline -0.002 -21"><span class='ocrx_word' id='word_1_221' title='bbox 95 2832 187 2917; x_wconf 91' lang='grc'>(682)</span> <span class='ocrx_word' id='word_1_222' title='bbox 213 2836 293 2907; x_wconf 73' lang='lat' dir='ltr'>(tuor</span> <span class='ocrx_word' id='word_1_223' title='bbox 315 2839 411 2896; x_wconf 84' lang='lat' dir='ltr'>nevis:</span> <span class='ocrx_word' id='word_1_224' title='bbox 444 2836 553 2897; x_wconf 86' lang='lat' dir='ltr'>tamen</span> <span class='ocrx_word' id='word_1_225' title='bbox 585 2832 632 2896; x_wconf 88' lang='lat' dir='ltr'>ita</span> <span class='ocrx_word' id='word_1_226' title='bbox 662 2832 849 2917; x_wconf 88' lang='lat' dir='ltr'>plerumque</span> <span class='ocrx_word' id='word_1_227' title='bbox 878 2831 985 2915; x_wconf 89' lang='lat' dir='ltr'>paullo</span> <span class='ocrx_word' id='word_1_228' title='bbox 1007 2830 1062 2895; x_wconf 90' lang='grc'>881,</span> <span class='ocrx_word' id='word_1_229' title='bbox 1078 2830 1238 2894; x_wconf 86' lang='lat' dir='ltr'>molliores</span> 
     </span>
     <span class='ocr_line' id='line_1_24' title="bbox 94 2941 1239 3026; baseline -0.002 -20"><span class='ocrx_word' id='word_1_230' title='bbox 94 2943 144 3006; x_wconf 97' lang='grc'>881</span> <span class='ocrx_word' id='word_1_231' title='bbox 177 2942 396 3006; x_wconf 91' lang='lat' dir='ltr'>concinniores</span> <span class='ocrx_word' id='word_1_232' title='bbox 429 2943 497 3006; x_wconf 89' lang='lat' dir='ltr'>fieri</span> <span class='ocrx_word' id='word_1_233' title='bbox 527 2964 676 3007; x_wconf 87' lang='lat' dir='ltr'>numeros</span> <span class='ocrx_word' id='word_1_234' title='bbox 700 2943 911 3007; x_wconf 85' lang='lat' dir='ltr'>concedimus.</span> <span class='ocrx_word' id='word_1_235' title='bbox 956 2941 1077 3007; x_wconf 89' lang='lat' dir='ltr'>Verum</span> <span class='ocrx_word' id='word_1_236' title='bbox 1100 2941 1239 3026; x_wconf 85' lang='lat' dir='ltr'>longea</span> 
     </span>
     <span class='ocr_line' id='line_1_25' title="bbox 94 3051 1286 3137; baseline -0.003 -20"><span class='ocrx_word' id='word_1_237' title='bbox 94 3074 170 3117; x_wconf 85' lang='lat' dir='ltr'>vero</span> <span class='ocrx_word' id='word_1_238' title='bbox 192 3057 304 3116; x_wconf 86' lang='lat' dir='ltr'>nostra</span> <span class='ocrx_word' id='word_1_239' title='bbox 326 3055 486 3117; x_wconf 85' lang='lat' dir='ltr'>sententia</span> <span class='ocrx_word' id='word_1_240' title='bbox 510 3054 711 3136; x_wconf 82' lang='lat' dir='ltr'>aberrarunt,</span> <span class='ocrx_word' id='word_1_241' title='bbox 747 3053 801 3137; x_wconf 92' lang='lat' dir='ltr'>qni</span> <span class='ocrx_word' id='word_1_242' title='bbox 824 3053 920 3116; x_wconf 86' lang='lat' dir='ltr'>etiam</span> <span class='ocrx_word' id='word_1_243' title='bbox 942 3052 1069 3137; x_wconf 85' lang='lat' dir='ltr'>Epidici</span> <span class='ocrx_word' id='word_1_244' title='bbox 1091 3051 1118 3132; x_wconf 92' lang='grc' dir='ltr'>Ι,</span> <span class='ocrx_word' id='word_1_245' title='bbox 1145 3055 1173 3134; x_wconf 91' lang='grc'>1,</span> <span class='ocrx_word' id='word_1_246' title='bbox 1197 3051 1237 3115; x_wconf 83' lang='grc'>67</span> <span class='ocrx_word' id='word_1_247' title='bbox 1280 3066 1286 3079; x_wconf 87' lang='grc'><strong>“</strong></span> 
     </span>
     <span class='ocr_line' id='line_1_26' title="bbox 95 3162 1239 3248; baseline -0.001 -22"><span class='ocrx_word' id='word_1_248' title='bbox 95 3170 195 3227; x_wconf 82' lang='lat' dir='ltr'>nevolt</span> <span class='ocrx_word' id='word_1_249' title='bbox 228 3163 462 3227; x_wconf 87' lang='lat' dir='ltr'>substituerunt</span> <span class='ocrx_word' id='word_1_250' title='bbox 494 3185 552 3247; x_wconf 90' lang='lat' dir='ltr'>pro</span> <span class='ocrx_word' id='word_1_251' title='bbox 585 3184 642 3228; x_wconf 85' lang='lat' dir='ltr'>non</span> <span class='ocrx_word' id='word_1_252' title='bbox 665 3171 740 3245; x_wconf 84' lang='lat' dir='ltr'>volt,</span> <span class='ocrx_word' id='word_1_253' title='bbox 779 3162 834 3227; x_wconf 92' lang='lat' dir='ltr'>ubi</span> <span class='ocrx_word' id='word_1_254' title='bbox 856 3163 1017 3248; x_wconf 85' lang='lat' dir='ltr'>legitimos</span> <span class='ocrx_word' id='word_1_255' title='bbox 1040 3162 1239 3247; x_wconf 84' lang='lat' dir='ltr'>septenarios</span> 
     </span>
     <span class='ocr_line' id='line_1_27' title="bbox 94 3253 1239 3356; baseline -0.001 -19"><span class='ocrx_word' id='word_1_256' title='bbox 94 3273 176 3337; x_wconf 83' lang='lat' dir='ltr'>tales</span> <span class='ocrx_word' id='word_1_257' title='bbox 207 3272 426 3356; x_wconf 89' lang='lat' dir='ltr'>recuperabis:</span> <span class='ocrx_word' id='word_1_258' title='bbox 475 3253 517 3339; x_wconf 63' lang='lat' dir='ltr'>‘Eo</span> <span class='ocrx_word' id='word_1_259' title='bbox 548 3285 705 3338; x_wconf 81' lang='lat' dir='ltr'>venturust</span> <span class='ocrx_word' id='word_1_260' title='bbox 735 3276 826 3353; x_wconf 77' lang='lat' dir='ltr'>vpsus.</span> <span class='ocrx_word' id='word_1_261' title='bbox 862 3278 922 3336; x_wconf 82' lang='grc' dir='ltr'>ΕΡ.</span> <span class='ocrx_word' id='word_1_262' title='bbox 946 3279 1050 3353; x_wconf 83' lang='lat' dir='ltr'>ipsus?</span> <span class='ocrx_word' id='word_1_263' title='bbox 1078 3275 1153 3351; x_wconf 79' lang='lat' dir='ltr'>quid</span> <span class='ocrx_word' id='word_1_264' title='bbox 1173 3279 1239 3336; x_wconf 77' lang='lat' dir='ltr'>itu?</span> 
     </span>
     <span class='ocr_line' id='line_1_28' title="bbox 97 3385 1239 3464; baseline -0.002 -17"><span class='ocrx_word' id='word_1_265' title='bbox 97 3387 163 3447; x_wconf 77' lang='grc' dir='ltr'>ΤΗ.</span> <span class='ocrx_word' id='word_1_266' title='bbox 186 3389 302 3447; x_wconf 79' lang='lat' dir='ltr'>dicum:</span> <span class='ocrx_word' id='word_1_267' title='bbox 325 3385 396 3462; x_wconf 76' lang='lat' dir='ltr'>quib</span> <span class='ocrx_word' id='word_1_268' title='bbox 416 3396 535 3464; x_wconf 68' lang='lat' dir='ltr'>pectrem</span> <span class='ocrx_word' id='word_1_269' title='bbox 551 3385 643 3448; x_wconf 78' lang='lat' dir='ltr'>Prius</span> <span class='ocrx_word' id='word_1_270' title='bbox 664 3406 695 3447; x_wconf 90' lang='lat' dir='ltr'>se</span> <span class='ocrx_word' id='word_1_271' title='bbox 716 3386 876 3449; x_wconf 84' lang='lat' dir='ltr'>convenire</span> <span class='ocrx_word' id='word_1_272' title='bbox 897 3404 957 3448; x_wconf 91' lang='lat' dir='ltr'>non</span> <span class='ocrx_word' id='word_1_273' title='bbox 980 3392 1040 3448; x_wconf 88' lang='lat' dir='ltr'>volt</span> <span class='ocrx_word' id='word_1_274' title='bbox 1061 3387 1158 3462; x_wconf 76' lang='lat' dir='ltr'>neque</span> <span class='ocrx_word' id='word_1_275' title='bbox 1173 3403 1239 3446; x_wconf 89' lang='lat' dir='ltr'>eum</span> 
     </span>
     <span class='ocr_line' id='line_1_29' title="bbox 95 3497 1239 3574; baseline -0.003 -16"><span class='ocrx_word' id='word_1_276' title='bbox 95 3497 314 3574; x_wconf 70' lang='lat' dir='ltr'>conspicarien</span> <span class='ocrx_word' id='word_1_277' title='bbox 342 3497 433 3568; x_wconf 75' lang='lat' dir='ltr'>Ouum</span> <span class='ocrx_word' id='word_1_278' title='bbox 456 3502 489 3558; x_wconf 79' lang='lat' dir='ltr'>iv</span> <span class='ocrx_word' id='word_1_279' title='bbox 510 3506 680 3573; x_wconf 65' lang='lat' dir='ltr'>arpentum,</span> <span class='ocrx_word' id='word_1_280' title='bbox 706 3498 786 3574; x_wconf 74' lang='lat' dir='ltr'>quod</span> <span class='ocrx_word' id='word_1_281' title='bbox 808 3500 932 3559; x_wconf 79' lang='lat' dir='ltr'>debetur</span> <span class='ocrx_word' id='word_1_282' title='bbox 943 3499 1001 3573; x_wconf 86' lang='lat' dir='ltr'>pro&#39;</span> <span class='ocrx_word' id='word_1_283' title='bbox 1017 3501 1082 3570; x_wconf 76' lang='lat' dir='ltr'>vlla,</span> <span class='ocrx_word' id='word_1_284' title='bbox 1107 3498 1239 3557; x_wconf 80' lang='lat' dir='ltr'>dinume-</span> 
     </span>
     <span class='ocr_line' id='line_1_30' title="bbox 95 3603 1240 3689; baseline -0.003 -21"><span class='ocrx_word' id='word_1_285' title='bbox 95 3607 280 3686; x_wconf 79' lang='lat' dir='ltr'>rciverr&#39;t.**)</span> <span class='ocrx_word' id='word_1_286' title='bbox 306 3641 342 3651; x_wconf 93' lang='lat'>-</span> <span class='ocrx_word' id='word_1_287' title='bbox 377 3604 547 3670; x_wconf 83' lang='lat' dir='ltr'>Praeterea</span> <span class='ocrx_word' id='word_1_288' title='bbox 575 3605 703 3668; x_wconf 83' lang='lat' dir='ltr'>tertiam</span> <span class='ocrx_word' id='word_1_289' title='bbox 733 3608 860 3689; x_wconf 85' lang='lat' dir='ltr'>praeter</span> <span class='ocrx_word' id='word_1_290' title='bbox 881 3613 965 3669; x_wconf 77' lang='lat' dir='ltr'>nevis</span> <span class='ocrx_word' id='word_1_291' title='bbox 984 3612 1082 3669; x_wconf 84' lang='lat' dir='ltr'>nevolt</span> <span class='ocrx_word' id='word_1_292' title='bbox 1103 3603 1240 3667; x_wconf 89' lang='lat' dir='ltr'>formam</span> 
     </span>
    </p>
   </div>
   <div class='ocr_carea' id='block_1_3' title="bbox 97 3753 298 3761">
    <p class='ocr_par' dir='ltr' id='par_1_3' title="bbox 97 3753 298 3761">
     <span class='ocr_line' id='line_1_31' title="bbox 97 3753 298 3761; baseline 0 0"><span class='ocrx_word' id='word_1_293' title='bbox 97 3753 298 3761; x_wconf 50' lang='lat' dir='ltr'>m*-</span> 
     </span>
    </p>
   </div>
   <div class='ocr_carea' id='block_1_4' title="bbox 95 3833 1243 4277">
    <p class='ocr_par' dir='ltr' id='par_1_4' title="bbox 95 3833 1240 4090">
     <span class='ocr_line' id='line_1_32' title="bbox 164 3833 1240 3904; baseline 0.003 -15"><span class='ocrx_word' id='word_1_294' title='bbox 164 3833 189 3900; x_wconf 77' lang='lat' dir='ltr'>*l</span> <span class='ocrx_word' id='word_1_295' title='bbox 209 3837 268 3891; x_wconf 76' lang='lat' dir='ltr'>nisi</span> <span class='ocrx_word' id='word_1_296' title='bbox 285 3853 341 3890; x_wconf 86' lang='lat' dir='ltr'>non</span> <span class='ocrx_word' id='word_1_297' title='bbox 360 3838 403 3892; x_wconf 85' lang='lat' dir='ltr'>vv‘s</span> <span class='ocrx_word' id='word_1_298' title='bbox 420 3834 507 3888; x_wconf 86' lang='lat' dir='ltr'>habes</span> <span class='ocrx_word' id='word_1_299' title='bbox 524 3834 596 3888; x_wconf 87' lang='lat' dir='ltr'>Meu.</span> <span class='ocrx_word' id='word_1_300' title='bbox 614 3833 647 3901; x_wconf 86' lang='lat' dir='ltr'>V,</span> <span class='ocrx_word' id='word_1_301' title='bbox 666 3841 694 3901; x_wconf 81' lang='lat'>2,</span> <span class='ocrx_word' id='word_1_302' title='bbox 714 3841 746 3889; x_wconf 79' lang='lat'>37</span> <span class='ocrx_word' id='word_1_303' title='bbox 765 3837 848 3901; x_wconf 79' lang='lat'>(788),</span> <span class='ocrx_word' id='word_1_304' title='bbox 868 3838 925 3892; x_wconf 82' lang='lat' dir='ltr'>nisi</span> <span class='ocrx_word' id='word_1_305' title='bbox 945 3838 1023 3904; x_wconf 81' lang='lat' dir='ltr'>sorte</span> <span class='ocrx_word' id='word_1_306' title='bbox 1043 3837 1103 3904; x_wconf 76' lang='lat' dir='ltr'>ipse</span> <span class='ocrx_word' id='word_1_307' title='bbox 1122 3854 1179 3893; x_wconf 91' lang='lat' dir='ltr'>non</span> <span class='ocrx_word' id='word_1_308' title='bbox 1199 3840 1240 3892; x_wconf 84' lang='lat' dir='ltr'>vr&#39;s</span> 
     </span>
     <span class='ocr_line' id='line_1_33' title="bbox 97 3926 1239 3997; baseline 0.002 -18"><span class='ocrx_word' id='word_1_309' title='bbox 97 3926 177 3996; x_wconf 75' lang='lat' dir='ltr'>capt.</span> <span class='ocrx_word' id='word_1_310' title='bbox 196 3926 230 3992; x_wconf 90' lang='grc' dir='ltr'>ΙΙ,</span> <span class='ocrx_word' id='word_1_311' title='bbox 249 3933 273 3991; x_wconf 72' lang='grc'>2,</span> <span class='ocrx_word' id='word_1_312' title='bbox 291 3933 324 3981; x_wconf 78' lang='grc'>59</span> <span class='ocrx_word' id='word_1_313' title='bbox 343 3929 426 3995; x_wconf 72' lang='grc'>(309),</span> <span class='ocrx_word' id='word_1_314' title='bbox 446 3932 503 3984; x_wconf 82' lang='lat' dir='ltr'>nisi</span> <span class='ocrx_word' id='word_1_315' title='bbox 521 3932 599 3997; x_wconf 74' lang='lat' dir='ltr'>nevrjs</span> <span class='ocrx_word' id='word_1_316' title='bbox 618 3926 695 3982; x_wconf 84' lang='lat' dir='ltr'>Cure.</span> <span class='ocrx_word' id='word_1_317' title='bbox 716 3928 735 3994; x_wconf 84' lang='lat'>1,</span> <span class='ocrx_word' id='word_1_318' title='bbox 756 3933 778 3994; x_wconf 91' lang='lat'>1,</span> <span class='ocrx_word' id='word_1_319' title='bbox 799 3934 843 3993; x_wconf 78' lang='grc'>82,</span> <span class='ocrx_word' id='word_1_320' title='bbox 869 3931 927 3985; x_wconf 80' lang='lat' dir='ltr'>nisi</span> <span class='ocrx_word' id='word_1_321' title='bbox 944 3935 973 3984; x_wconf 88' lang='lat' dir='ltr'>tu</span> <span class='ocrx_word' id='word_1_322' title='bbox 993 3932 1072 3985; x_wconf 87' lang='lat' dir='ltr'>nevis</span> <span class='ocrx_word' id='word_1_323' title='bbox 1089 3928 1171 3981; x_wconf 84' lang='lat' dir='ltr'>Most.</span> <span class='ocrx_word' id='word_1_324' title='bbox 1191 3929 1239 3996; x_wconf 89' lang='grc'>111,</span> 
     </span>
     <span class='ocr_line' id='line_1_34' title="bbox 95 4020 665 4090; baseline 0.005 -18"><span class='ocrx_word' id='word_1_325' title='bbox 95 4026 121 4084; x_wconf 80' lang='lat' dir='ltr'>a,</span> <span class='ocrx_word' id='word_1_326' title='bbox 141 4025 174 4073; x_wconf 78' lang='grc'>85</span> <span class='ocrx_word' id='word_1_327' title='bbox 192 4022 263 4087; x_wconf 77' lang='lat' dir='ltr'>(rev)</span> <span class='ocrx_word' id='word_1_328' title='bbox 281 4021 310 4074; x_wconf 80' lang='lat' dir='ltr'>et</span> <span class='ocrx_word' id='word_1_329' title='bbox 328 4020 403 4074; x_wconf 70' lang='lat' dir='ltr'>Tun.</span> <span class='ocrx_word' id='word_1_330' title='bbox 423 4020 456 4088; x_wconf 83' lang='lat' dir='ltr'>V,</span> <span class='ocrx_word' id='word_1_331' title='bbox 475 4028 499 4087; x_wconf 82' lang='lat' dir='ltr'>a,</span> <span class='ocrx_word' id='word_1_332' title='bbox 516 4027 549 4076; x_wconf 78' lang='lat' dir='ltr'>aa</span> <span class='ocrx_word' id='word_1_333' title='bbox 568 4023 665 4090; x_wconf 80' lang='lat' dir='ltr'>(ries).</span> 
     </span>
    </p>

    <p class='ocr_par' dir='ltr' id='par_1_5' title="bbox 96 4112 1243 4277">
     <span class='ocr_line' id='line_1_35' title="bbox 120 4112 1243 4184; baseline 0.002 -13"><span class='ocrx_word' id='word_1_334' title='bbox 120 4154 132 4179; x_wconf 53' lang='lat'><em>2</em></span> <span class='ocrx_word' id='word_1_335' title='bbox 165 4112 206 4181; x_wconf 61' lang='lat' dir='ltr'>“l</span> <span class='ocrx_word' id='word_1_336' title='bbox 225 4121 366 4171; x_wconf 81' lang='lat' dir='ltr'>uenturus</span> <span class='ocrx_word' id='word_1_337' title='bbox 384 4122 427 4172; x_wconf 81' lang='lat' dir='ltr'>est</span> <span class='ocrx_word' id='word_1_338' title='bbox 445 4119 534 4183; x_wconf 82' lang='lat' dir='ltr'>ipsus.</span> <span class='ocrx_word' id='word_1_339' title='bbox 553 4117 605 4173; x_wconf 77' lang='lat' dir='ltr'>En</span> <span class='ocrx_word' id='word_1_340' title='bbox 624 4119 693 4184; x_wconf 80' lang='lat' dir='ltr'>quid</span> <span class='ocrx_word' id='word_1_341' title='bbox 709 4114 864 4171; x_wconf 76' lang='lat' dir='ltr'>ite-Vetus:</span> <span class='ocrx_word' id='word_1_342' title='bbox 888 4131 952 4168; x_wconf 84' lang='lat' dir='ltr'>mox</span> <span class='ocrx_word' id='word_1_343' title='bbox 970 4132 1059 4183; x_wconf 75' lang='lat' dir='ltr'>neque</span> <span class='ocrx_word' id='word_1_344' title='bbox 1078 4120 1243 4184; x_wconf 77' lang='lat' dir='ltr'>conspicari</span> 
     </span>
     <span class='ocr_line' id='line_1_36' title="bbox 96 4192 1240 4277; baseline 0.004 -20"><span class='ocrx_word' id='word_1_345' title='bbox 96 4204 184 4259; x_wconf 83' lang='lat' dir='ltr'>idem:</span> <span class='ocrx_word' id='word_1_346' title='bbox 209 4222 279 4274; x_wconf 85' lang='lat' dir='ltr'>quas</span> <span class='ocrx_word' id='word_1_347' title='bbox 302 4222 355 4276; x_wconf 79' lang='lat' dir='ltr'>ego</span> <span class='ocrx_word' id='word_1_348' title='bbox 378 4207 520 4262; x_wconf 83' lang='lat' dir='ltr'>lacunulss</span> <span class='ocrx_word' id='word_1_349' title='bbox 538 4209 632 4277; x_wconf 87' lang='lat' dir='ltr'>aliqua</span> <span class='ocrx_word' id='word_1_350' title='bbox 649 4207 809 4263; x_wconf 87' lang='lat' dir='ltr'>coniectura</span> <span class='ocrx_word' id='word_1_351' title='bbox 826 4206 943 4276; x_wconf 84' lang='lat' dir='ltr'>explevi.</span> <span class='ocrx_word' id='word_1_352' title='bbox 980 4208 1061 4262; x_wconf 89' lang='lat' dir='ltr'>Potui</span> <span class='ocrx_word' id='word_1_353' title='bbox 1084 4207 1169 4262; x_wconf 83' lang='lat' dir='ltr'>etiam</span> <span class='ocrx_word' id='word_1_354' title='bbox 1196 4192 1240 4269; x_wconf 69' lang='lat' dir='ltr'>J&#39;v&#39;o</span> 
     </span>
    </p>
   </div>
   <div class='ocr_carea' id='block_1_5' title="bbox 97 4299 1240 4466">
    <p class='ocr_par' dir='ltr' id='par_1_6' title="bbox 97 4299 1240 4466">
     <span class='ocr_line' id='line_1_37' title="bbox 98 4299 1240 4378; baseline 0.006 -24"><span class='ocrx_word' id='word_1_355' title='bbox 98 4307 237 4356; x_wconf 82' lang='lat' dir='ltr'>venturus</span> <span class='ocrx_word' id='word_1_356' title='bbox 256 4299 336 4369; x_wconf 79' lang='lat' dir='ltr'>ipsus</span> <span class='ocrx_word' id='word_1_357' title='bbox 352 4307 403 4357; x_wconf 86' lang='lat' dir='ltr'>est.</span> <span class='ocrx_word' id='word_1_358' title='bbox 424 4303 479 4358; x_wconf 78' lang='lat' dir='ltr'>Ee.</span> <span class='ocrx_word' id='word_1_359' title='bbox 499 4321 564 4358; x_wconf 87' lang='lat' dir='ltr'>nam</span> <span class='ocrx_word' id='word_1_360' title='bbox 577 4303 646 4372; x_wconf 74' lang='lat' dir='ltr'>quid</span> <span class='ocrx_word' id='word_1_361' title='bbox 657 4306 715 4358; x_wconf 79' lang='lat' dir='ltr'>ita?</span> <span class='ocrx_word' id='word_1_362' title='bbox 738 4301 782 4359; x_wconf 83' lang='lat' dir='ltr'>vel</span> <span class='ocrx_word' id='word_1_363' title='bbox 797 4308 946 4363; x_wconf 84' lang='lat' dir='ltr'>venturust</span> <span class='ocrx_word' id='word_1_364' title='bbox 964 4303 1053 4378; x_wconf 71' lang='lat' dir='ltr'>ipsus.</span> <span class='ocrx_word' id='word_1_365' title='bbox 1074 4304 1126 4365; x_wconf 77' lang='grc' dir='ltr'>ΕΡ.</span> <span class='ocrx_word' id='word_1_366' title='bbox 1145 4307 1240 4362; x_wconf 78' lang='lat' dir='ltr'>itane?</span> 
     </span>
     <span class='ocr_line' id='line_1_38' title="bbox 97 4392 518 4466; baseline 0.012 -18"><span class='ocrx_word' id='word_1_367' title='bbox 97 4392 168 4466; x_wconf 76' lang='lat' dir='ltr'>quid</span> <span class='ocrx_word' id='word_1_368' title='bbox 184 4395 242 4448; x_wconf 85' lang='lat' dir='ltr'>itu?</span> <span class='ocrx_word' id='word_1_369' title='bbox 260 4392 316 4447; x_wconf 82' lang='lat' dir='ltr'>alia</span> <span class='ocrx_word' id='word_1_370' title='bbox 333 4395 364 4448; x_wconf 86' lang='lat' dir='ltr'>ut</span> <span class='ocrx_word' id='word_1_371' title='bbox 382 4393 518 4453; x_wconf 80' lang='lat' dir='ltr'>omittam.</span> 
     </span>
    </p>
   </div>
   <div class='ocr_carea' id='block_1_6' title="bbox 0 0 1490 4994">
    <p class='ocr_par' dir='ltr' id='par_1_7' title="bbox 0 0 1490 4994">
     <span class='ocr_line' id='line_1_39' title="bbox 0 0 1490 4994; baseline 0 0"><span class='ocrx_word' id='word_1_372' title='bbox 0 0 1490 4994; x_wconf 95' lang='lat' dir='ltr'> </span> 
     </span>
    </p>
   </div>
  </div>
 </body>
</html>
