2946 5010
195 285 260 347 400
412 370 414 373 Ι
478 295 778 346 uunnnarrorms
802 297 1034 348 unacaroms.

196 455 255 517 bus
278 451 517 536 offensionibus,
541 473 623 536 quae
646 454 755 516 tamen
778 451 885 524 nullae
908 452 1082 517 editoribus
1098 453 1342 537 interpretibus-

196 586 256 648 que
278 564 425 646 fuerunt,
450 564 509 626 etsi
532 584 549 626 e
572 563 788 647 discrepantia
811 563 988 647 scriptume
1010 563 1092 627 nihil
1115 564 1226 627 auxilii
1249 587 1342 648 para-

196 679 262 736 tum
291 678 340 737 est
368 674 445 757 (nisi
473 674 556 757 quod
584 676 684 737 amici
705 672 807 738 Vetus
835 695 893 757 pro
915 682 1029 738 amicus
1050 675 1212 757 praebet):
1251 679 1286 739 at
1308 677 1342 740 iu

195 785 355 867 scriptura
377 785 447 868 ipsa
463 806 571 847 verum
595 785 640 847 ita
663 784 831 866 delitescit,
856 787 892 847 ut
914 788 1000 848 recte
1024 806 1096 848 cum
1118 786 1250 849 sociatis
1273 790 1343 850 tum

196 895 376 959 dissociatis
405 895 536 977 syllabis
559 898 723 978 tamquam
746 916 804 957 sua
826 896 940 977 sponte
969 895 1112 978 prodeat.
1159 895 1251 969 duod
1275 897 1341 980 qui-

196 1007 268 1069 dem
290 1005 351 1069 hoc
374 1007 518 1089 exemplo
541 1004 703 1068 declarare
725 1004 816 1068 licet:

231 1152 1306 1235 EOEGOUTQUAEMANDATAAMICUMAMICISTRADAMIMMOMANE

236 1243 271 1284 ito
287 1244 342 1284 seo
362 1243 395 1284 ur
413 1243 489 1292 orias
521 1242 657 1282 arnapam
702 1241 730 1280 uu
755 1240 826 1282 suar
840 1241 1009 1282 aommsrnn
1028 1241 1100 1281 orn
1113 1241 1186 1282 nauo
1212 1243 1292 1284 aram,

130 1398 132 1402 v
197 1363 265 1427 Nec
293 1363 378 1427 enim
408 1362 591 1425 suasoribus
619 1361 711 1425 nobis
740 1360 902 1424 dubitabis
925 1361 1003 1444 quin
1026 1360 1106 1424 haec
1132 1362 1205 1446 ipsa
1228 1369 1342 1447 poetae

197 1496 311 1539 manus
334 1474 392 1538 sit:

303 1599 347 1673 llo
376 1635 431 1691 ogo
454 1618 503 1687 ut,
529 1634 604 1690 quau
626 1615 768 1673 mandtta
790 1614 864 1673 mihi
886 1618 971 1687 sunt,
995 1615 1214 1675 administrem.
1261 1617 1341 1675 Dan.

804 1701 894 1758 immd
917 1721 1018 1759 mane:

197 1856 259 1917 qua
281 1835 470 1915 recuperata
493 1829 573 1894 nihil
597 1830 723 1894 illorum
739 1831 892 1912 omnium,
916 1853 996 1915 quae
1013 1834 1082 1893 tarn
1097 1852 1168 1894 esse
1191 1832 1343 1896 intolera-

197 1944 274 2007 bilia
290 1965 386 2025 supra
401 1942 547 2023 vidimus,
572 1941 718 2003 relietum
740 1945 798 2004 est.
831 1943 879 2004 Ac
894 1941 1057 2004 simillimo
1072 1941 1162 2005 verbi
1184 1964 1243 2005 usu
1267 1942 1344 2025 (alia

197 2077 238 2117 ne
261 2053 468 2133 cumulemus)
497 2052 530 2114 in
555 2051 710 2135 Adelphis
733 2050 773 2134 V,
801 2055 827 2134 l,
851 2051 872 2114 2
899 2050 1068 2115 Terentius
1099 2057 1255 2132 Lucaeque
1281 2076 1343 2117 mu-

197 2188 253 2230 nus
275 2169 498 2228 administrasti
518 2172 608 2226 tuom.

280 2335 492 2399 Volueranrus
507 2334 540 2397 in
557 2333 658 2396 triade
682 2332 939 2398 emendationum
961 2333 1149 2397 subsistere:
1173 2355 1211 2397 ea
1234 2337 1344 2398 antem

196 2450 232 2509 ut
259 2449 327 2509 tota
356 2445 507 2509 Plautina
535 2444 577 2506 sit
606 2444 746 2527 (quando
774 2465 839 2507 non
867 2443 906 2506 ad
934 2443 1039 2526 ipsum
1062 2442 1213 2506 Plautum
1238 2446 1343 2527 prima

144 2568 184 2618 Vll
202 2557 400 2641 spectabat),
431 2578 468 2618 ex
492 2555 600 2618 eadem
625 2576 741 2617 scaena
764 2555 860 2616 aliam
883 2553 1026 2616 addimus
1048 2558 1116 2617 tam
1138 2557 1253 2619 nostra
1274 2577 1347 2618 sen-

196 2670 299 2731 tentia
321 2668 427 2730 lenem
450 2672 482 2729 ct
504 2665 681 2748 simplicem
703 2687 798 2748 quam
823 2668 941 2728 certam
965 2666 998 2727 et
1012 2666 1240 2727 necessariam.
1273 2664 1345 2727 l'la-

196 2780 303 2858 gitant
326 2800 396 2840 cam
421 2776 631 2860 Demiphonis
653 2775 727 2839 inde
751 2797 769 2836 a
792 2797 820 2837 v.
844 2775 885 2838 62
910 2773 995 2862 [396]
1019 2773 1098 2837 haee
1121 2775 1236 2838 verba:

279 2936 364 2993 Nihil
387 2938 479 3009 opust
500 2935 588 2991 nobis
612 2934 719 2991 ancilla
741 2934 799 2991 nisi
824 2952 899 3007 quac
922 2935 1019 3004 terat,
1043 2953 1121 3008 quac
1144 2934 1256 3004 molat,
1328 2958 1331 2962 ’

281 3021 412 3096 Lignum
435 3020 547 3092 caedat,
572 3039 698 3093 pensum
721 3019 826 3089 sarciat,
850 3017 932 3074 ardis
956 3019 1065 3089 vomat,
1090 3019 1226 3092 vapulet,

280 3104 362 3173 Quae
385 3105 494 3162 lrabeat
516 3105 714 3162 cottidianum
741 3102 871 3160 familiae
894 3105 1011 3160 coctum
1034 3103 1144 3160 eibum.

198 3253 258 3316 Vbi
282 3275 346 3316 non
376 3252 469 3315 modo
499 3251 750 3315 concinnitatem
780 3249 1027 3314 conformandae
1050 3249 1207 3312 orationis
1238 3253 1346 3333 perire

196 3366 299 3428 denuo
327 3363 454 3426 invecto
483 3367 565 3437 (luae
586 3361 774 3445 pronomine
797 3361 931 3442 senties,
956 3359 1011 3423 sed
1034 3360 1131 3422 etiam
1154 3365 1253 3423 cibrrm
1276 3384 1346 3426 roc-

195 3489 255 3540 lena
280 3478 424 3552 [omiliae
450 3478 593 3536 babere
621 3472 697 3554 quid
726 3474 768 3534 sit
790 3471 957 3535 nobiscum
979 3470 1161 3553 ignorabis:
1197 3493 1259 3534 nec
1283 3470 1346 3554 Py-

196 3586 275 3650 ladis
306 3584 481 3647 mutatione
508 3588 647 3660 (litaeque
669 3588 781 3646 lrabeat
807 3583 978 3666 quiequam
1006 3601 1065 3643 nos
1093 3582 1251 3663 proficere
1274 3604 1347 3665 per-

195 3698 320 3782 spicies,
366 3694 415 3759 Ne
438 3694 550 3770 multa,
574 3692 834 3777 scripsitlpocta:

280 3836 509 3896 Prathibcat
538 3834 739 3893 cottidianum
761 3835 892 3894 fbmiliac
915 3834 1032 3891 coctum
1055 3831 1164 3890 cibum.

195 3994 359 4079 Exemplis
382 3995 408 4057 si
432 4016 510 4078 opus
534 3997 597 4076 est,
623 3992 745 4055 affatim
768 3980 900 4055 Plautus
924 3989 1108 4074 praehibet:
1145 3987 1280 4071 Epidici
1307 3990 1347 4073 V,

194 4110 225 4187 2,
249 4109 289 4171 62
313 4110 396 4170 No'ao
418 4111 525 4169 liberto
547 4126 621 4184 opus
643 4115 687 4168 es!
708 4109 790 4182 quod
807 4114 932 4183 puppes.
978 4107 1060 4165 Par.
1083 4105 1226 4163 dabitur:
1252 4123 1348 4179 proe-

194 4223 265 4280 bebc
285 4222 391 4280 cilmm.
439 4216 554 4278 Persae
577 4237 606 4277 v.
635 4214 694 4277 132
719 4218 769 4276 Me
792 4226 824 4277 ut
845 4215 999 4292 quasquam
1017 4218 1109 4288 norit
1135 4215 1198 4273 nisi
1219 4215 1273 4274 ille
1296 4221 1352 4291 qai

193 4332 317 4405 proebe!
349 4332 470 4390 cibum?
515 4325 558 4388 Et
586 4326 618 4387 in
647 4323 809 4386 simillimo
838 4344 956 4406 genere
985 4321 1144 4385 ltudentis
1172 4319 1222 4400 ll,
1246 4320 1280 4402 6,
1306 4323 1351 4386 29
