2986 5004
455 366 677 413 euosssurvn
700 367 914 413 Punv'rmvu.
1195 351 1255 414 241

198 519 219 580 2
242 527 450 597 tantisper:
474 518 615 582 eiusdem
637 519 696 598 ΙΙΙ,
720 520 751 601 3,
776 520 817 582 96
840 520 930 602 (686)
960 524 1049 584 Nunc
1071 522 1168 585 istane
1190 531 1256 585 tan-

109 631 208 709 asper
228 630 296 694 iate
318 628 379 714 [sis]
402 643 505 709 petere
526 633 616 709 dtqeee
638 651 729 693 orme
750 635 873 694 mecum.

195 740 240 804 In
265 739 464 804 Asinaria.
509 741 529 804 3
552 747 762 805 blanditer:
788 741 927 805 eiusdem
949 742 1077 807 fabulae
1099 742 1131 825 Ι,
1155 744 1192 824 3,
1215 743 1257 806 69

112 852 204 936 (222)
238 854 449 931 campellendo
482 854 644 916 blanditer.
702 852 849 917 Eandem
882 853 1019 917 formam
1052 854 1138 917 infra
1173 854 1257 934 §75

111 961 363 1046 glossographus
393 962 552 1046 excerpsit
574 985 591 1026 e
613 962 763 1027 Pseuduli
790 963 832 1046 V,
870 964 908 1043 2,
946 964 1257 1046 nunnamenster
1374 1024 1378 1032 ,

110 1077 304 1138 blanditeme
335 1076 497 1152 adloquar.
560 1072 681 1138 Ceteris
716 1075 870 1158 exemplis
901 1075 1036 1138 Plautus
1072 1078 1257 1139 constanter

112 1189 225 1248 blande
247 1185 351 1247 forma
372 1207 459 1248 usus,

197 1294 489 1359 InAulularia.
513 1296 749 1359 leonicum:
773 1297 848 1360 Aul.
871 1296 898 1378 Ι,
926 1299 953 1379 1,
981 1297 1019 1360 19
1042 1301 1179 1363 clenicam
1201 1319 1258 1376 epo

114 1419 141 1470 le
163 1408 286 1470 dissero.
331 1404 428 1469 Redit
451 1406 561 1469 eadem
584 1406 691 1490 glossa
715 1411 735 1487 §
758 1406 778 1470 8
801 1429 818 1470 e
841 1406 985 1491 Captiuis
1000 1406 1043 1489 ΙΙ,
1060 1407 1091 1490 2,
1109 1407 1150 1471 89
1166 1407 1257 1492 (340)

115 1521 267 1601 excerpta
298 1519 436 1580 donicum
460 1523 510 1580 elle
531 1521 590 1581 hee
612 1520 756 1599 redierim
795 1519 878 1598 §35
901 1540 918 1581 e
941 1517 1140 1581 Mostellaria
1162 1517 1194 1600 Ι,
1225 1519 1256 1598 2,

113 1628 155 1691 35
178 1626 270 1711 (116)
304 1631 443 1691 danicam
478 1618 614 1692 Parietes
644 1629 752 1710 11111111,
790 1629 871 1708 §51
906 1650 922 1691 e
950 1628 1135 1710 Vidularia,
1169 1628 1258 1692 cuius

115 1737 212 1801 verba
225 1723 409 1802 Priscianus
432 1737 479 1801 VI
501 1760 532 1821 p.
556 1738 620 1802 692
643 1738 720 1822 (224
742 1737 800 1823 Η.)
824 1743 856 1803 et
878 1738 958 1802 XIII
981 1762 1012 1823 p.
1037 1739 1099 1803 959
1122 1739 1171 1823 (7)
1195 1761 1258 1803 ser-

2 1859 31 1869 ”
114 1849 212 1930 vavit,
236 1848 284 1912 sic
306 1848 413 1933 potius
436 1848 500 1912 nisi
521 1848 617 1912 fallor
640 1849 879 1913 constituenda:
915 1854 1060 1914 Denicum
1082 1855 1158 1913 haec
1182 1851 1257 1913 diie-

114 1966 218 2023 dieete
240 1962 291 2024 re's
312 1967 371 2023 erit
392 1997 434 2008 —
463 1980 559 2043 quam
593 1959 654 2023 hoc
688 1960 798 2024 ordine
820 1959 990 2023 verborum
1012 1961 1257 2025 96111611ωαὶ11-

115 2076 220 2133 dicete
241 2075 317 2133 haec
338 2073 388 2133 re's
410 2077 485 2133 erit:
523 2070 650 2153 quando
683 2071 803 2154 dispari
834 2070 1019 2134 testimonio
1052 2071 1120 2154 ipse
1153 2092 1259 2154 gram-

115 2180 251 2243 maticus
287 2180 392 2264 priore
428 2180 498 2244 loeo
531 2187 671 2244 danicam
699 2203 748 2244 res
770 2188 908 2246 iudicate
930 2186 1086 2245 erithace
1108 2184 1257 2263 testatur,

115 2290 290 2373 posteriore
324 2297 464 2355 donicum
497 2312 546 2354 res
574 2297 814 2355 diiudicarent.
858 2291 924 2355 Lex
958 2292 1044 2355 enim
1076 2290 1156 2355 haec
1190 2312 1259 2354 esse

116 2399 286 2464 Plautinae
307 2400 438 2485 linguae
460 2401 601 2483 videtur,
626 2404 663 2464 ut
685 2406 761 2466 ante
783 2400 926 2464 vocalem
949 2401 1009 2465 soli
1032 2403 1174 2465 donicum
1196 2400 1259 2463 for-

116 2532 188 2574 mae
202 2512 288 2575 locus
304 2511 356 2592 sit,
381 2512 438 2575 soli
456 2518 551 2577 donec
573 2514 648 2575 ante
665 2514 904 2576 consonantem.
938 2511 991 2575 Sic
1013 2512 1108 2593 enim,
1132 2513 1261 2593 praeter

116 2622 179 2684 duo
200 2620 256 2684 illa
277 2644 358 2705 quae
380 2644 478 2706 supra
492 2623 615 2705 scripta
637 2625 714 2686 sunt
735 2622 891 2706 exempla,
916 2620 1066 2685 Pseuduli
1081 2620 1139 2702 IV,
1164 2622 1193 2702 7,
1219 2620 1259 2684 72

118 2731 232 2814 (1168)
254 2732 424 2814 proditum.
439 2736 487 2796 est
509 2740 648 2798 donicum
672 2741 770 2813 ipsae,
795 2732 982 2797 Truculenti
1005 2732 1030 2813 Ι,
1058 2732 1085 2813 1,
1113 2732 1151 2795 18
1175 2737 1259 2795 doni-

116 2863 186 2906 cum
208 2848 323 2919 eduxit,
345 2843 452 2907 Plauti
474 2843 592 2927 fragm.
618 2844 703 2927 apud
716 2842 896 2909 Charisium
918 2843 950 2906 Π
973 2865 1005 2927 p.
1034 2843 1092 2907 178
1115 2841 1191 2925 (197
1203 2840 1258 2924 Κ.)

117 2959 258 3016 donicum
281 2976 336 3031 epo
357 2975 512 3018 revenere.
558 2955 694 3035 Accedit
701 2944 721 3036 ,’
739 2955 802 3018 nisi
824 2954 909 3018 fallit
932 2954 1132 3035 coniectura,
1156 2953 1259 3036 ignoti

116 3067 232 3146 poetae
254 3064 472 3148 fragmentum
495 3087 533 3128 ex
557 3064 697 3128 eiusdem
718 3064 855 3129 Charisii
879 3064 983 3128 verbis
1005 3086 1037 3148 p.
1059 3063 1128 3143 198,
1154 3062 1193 3126 16
1205 3061 1259 3145 K,

116 3173 173 3236 uhi
196 3171 308 3237 Naevii
331 3175 365 3238 in
389 3174 564 3240 Corollaria
584 3174 728 3238 versibus
750 3182 820 3239 nelo
842 3197 897 3253 epe
915 3180 1004 3239 Hanc
1027 3180 1104 3238 adeo
1120 3177 1259 3251 efflictim

117 3305 226 3346 emere
257 3306 284 3346 e.
308 3307 338 3368 q.
363 3307 387 3349 s.
412 3285 492 3349 haec
520 3274 758 3370 subiunguntur
790 3291 842 3349 ethi
863 3263 994 3349 Probas:
1030 3292 1143 3364 ‘usqae
1175 3289 1260 3346 doni-

39 3473 40 3477 ¹
116 3416 185 3458 eum
207 3397 390 3478 efflieetar’,
414 3418 495 3480 quae
518 3417 612 3480 aegre
628 3395 766 3459 adducor
782 3400 817 3459 ut
832 3395 930 3480 ipsius
946 3394 1148 3480 grammatici
1164 3392 1262 3456 verba

117 3526 187 3568 esse
211 3505 346 3569 credam.
391 3505 479 3570 Hinc
501 3507 601 3590 igr'tur
623 3510 673 3570 est
695 3528 751 3569 cur
772 3506 972 3591 trisyllabam
994 3506 1131 3570 formam
1146 3504 1261 3567 Plauto

116 3598 312 3680 reddendam
334 3619 444 3702 putem
467 3615 664 3680 Bacchidum
685 3616 743 3699 IV,
767 3618 798 3698 4,
826 3617 884 3680 106
907 3617 996 3701 (757)
1013 3622 1152 3680 donicum
1175 3618 1194 3678 α’
1216 3634 1262 3677 me

115 3734 178 3790 erit
197 3729 314 3804 sienem
337 3733 456 3804 datam,
493 3730 525 3790 et
546 3726 735 3791 Mercatoris
757 3727 788 3808 I,
823 3727 858 3809 2,
888 3727 929 3790 82
952 3727 1043 3812 (194)
1067 3728 1207 3790 danicum
1230 3731 1261 3787 in

114 3839 219 3901 navim
250 3843 342 3919 sebit,
381 3838 495 3922 quihus
528 3837 606 3901 locis
639 3836 794 3901 usitatum
827 3837 888 3901 sibi
911 3844 1005 3901 donec
1029 3836 1262 3920 consignarunt

115 3947 259 4012 librarii:
297 3948 445 4013 similiter
477 3951 572 4032 atque
607 3970 678 4011 mea
701 3949 863 4011 sententia
882 3952 957 4023 sace
992 3948 1069 4029 (non
1094 3947 1171 4009 item
1194 3951 1263 4008 dice

113 4060 209 4144 duce)
234 4059 439 4124 scribendum
461 4063 511 4123 est
535 4063 610 4123 ante
634 4058 786 4140 vocalem,
810 4081 875 4122 non
896 4062 962 4137 sec.
978 4096 1018 4103 -
1043 4056 1163 4120 Contra
1186 4058 1261 4118 ante

112 4174 335 4237 consonantes
369 4174 557 4234 constanter
584 4176 680 4234 denec
701 4168 816 4251 habes,
856 4174 892 4232 ut
914 4176 1009 4232 donee
1031 4171 1118 4231 Sosia
1141 4164 1260 4249 Amph.

109 4283 157 4366 Π,
189 4284 217 4364 1,
242 4281 415 4365 51(698),
441 4289 537 4346 donec
558 4303 590 4345 se
613 4279 735 4345 Cistell.
761 4279 802 4361 Π,
827 4281 863 4362 3,
887 4280 945 4361 40,
970 4285 1066 4343 donec
1082 4288 1264 4356 persecatus

105 4393 183 4461 Mil.
211 4391 261 4473 Π,
296 4392 332 4471 2,
370 4393 429 4455 114
452 4392 559 4475 (269),
589 4397 685 4454 donee
707 4403 799 4454 leletm
820 4389 902 4453 llud.
928 4389 994 4470 ΙΙΙ,
1018 4389 1056 4469 4,
1096 4390 1128 4449 11
1159 4387 1260 4473 (716),

165 4533 211 4569 ra.
234 4528 398 4563 siracusam
419 4528 562 4563 oevscvcr
584 4528 616 4565 11.
1023 4492 1058 4554 ld
