2946 5010
227 296 289 362 416
538 314 585 360 nn
608 312 824 361 aaovnnuro
848 312 1067 363 nenosrrcno

228 467 282 530 sed
311 467 507 550 transposito
533 464 661 546 emptum
693 467 728 531 in
758 468 933 533 concinnos
968 467 1197 552 elegantesque
1225 453 1374 532 numeros

229 576 441 641 convertant?
467 575 613 642 Haecine
635 577 856 642 inconstantia
879 582 928 642 est
948 599 1078 662 prorsus
1095 598 1209 641 carens
1229 578 1375 642 ratione?

228 687 258 751 A
281 687 528 771 simplicioribus
556 691 663 752 autem
691 710 785 773 quem
816 688 1007 752 admodum
1032 687 1067 751 in
1089 710 1302 773 unoquoque
1325 711 1375 774 ge-

227 820 304 862 nere
332 797 372 861 ad
394 799 515 862 maiora
538 802 570 863 et
591 798 795 882 impeditiora
823 799 861 863 fit
883 819 1071 884 progressus
1093 798 1225 883 quidam
1249 802 1282 862 et
1303 821 1377 863 vero

177 947 180 954 ·
228 912 277 972 est
297 909 414 990 factus,
438 909 484 972 ita
506 908 582 992 quid
603 909 720 972 mirum
742 910 769 974 si
791 931 851 974 nos
874 931 997 994 quoque
1025 930 1091 973 non
1114 911 1242 973 tantum
1269 910 1376 993 paullo

227 1019 373 1104 pluribus
395 1019 602 1102 transpositis
625 1041 694 1104 arg.
713 1019 812 1084 Merc.
840 1022 855 1083 1
880 1021 926 1084 sic
949 1019 1184 1084 restituendum
1206 1019 1376 1084 dixerimus

368 1161 477 1221 missus
501 1161 673 1220 adulescens
696 1162 734 1220 ab
758 1181 812 1221 suo
835 1164 997 1221 mercathm
1024 1165 1109 1237 patre

134 1302 138 1310 '
227 1312 286 1378 pro
314 1314 351 1357 eo
380 1292 463 1377 quod
486 1292 591 1356 estin
614 1291 704 1356 libris
726 1306 892 1358 mercatum
916 1299 955 1357 ob
977 1314 1030 1357 suo
1052 1296 1240 1375 adulescens,
1269 1315 1376 1357 verum

228 1405 341 1487 etiam,
371 1403 473 1467 sicubi
502 1402 585 1467 nihil
613 1402 723 1467 auxilii
752 1425 769 1467 e
796 1404 1047 1488 transpositione
1075 1402 1143 1486 peti
1165 1404 1280 1487 possit,
1308 1404 1375 1467 aliis

228 1513 420 1578 emendandi
446 1514 569 1578 artibus
595 1516 723 1577 utamur
745 1515 807 1596 eis,
837 1537 917 1599 qnae
945 1513 980 1578 in
1009 1516 1096 1577 certa
1125 1514 1375 1596 corruptelarum

228 1644 349 1709 genera
377 1625 594 1689 conveniant?
643 1623 741 1688 Velut
770 1625 904 1734 elapsisx
920 1624 1124 1688 librariorum
1157 1623 1286 1687 incuria
1315 1625 1375 1687 sin·

128 1736 132 1763 ¹
228 1736 313 1819 gulis
336 1735 387 1799 vel
409 1734 541 1818 syllabis
563 1735 614 1797 rel
629 1734 750 1798 voculis
774 1756 867 1799 nemo
890 1739 938 1799 est
955 1735 1100 1819 profecto
1123 1733 1202 1817 quin
1224 1734 1374 1818 plurimos

228 1867 338 1909 versus
365 1845 503 1929 turpiter
531 1866 599 1908 esse
623 1849 789 1930 corruptos
813 1845 978 1928 concedat,
1012 1843 1184 1929 inquibus
1206 1844 1375 1909 nullussit

229 1956 336 2019 hiatus
365 1955 480 2019 factus.
525 1954 641 2031 Quales
669 1956 704 2019 in
736 1955 787 2019 his
816 1955 1026 2040 Argumentis
1053 1958 1183 2039 praeter
1211 1955 1293 2020 alios
1322 1955 1374 2018 hos

229 2066 328 2130 habes
351 2067 444 2131 Asin.
468 2067 498 2130 3.
524 2065 617 2151 Capt.
640 2068 672 2129 4.
697 2066 775 2132 Cist.
802 2067 851 2130 10.
875 2065 969 2151 Epid.
993 2068 1024 2129 2.
1049 2064 1148 2130 Mero.
1173 2066 1208 2128 6:

370 2235 520 2293 numerari
542 2234 631 2293 iussit
658 2253 744 2293 servo
767 2233 934 2292 Leonidae:

264 2318 266 2320 ’
372 2323 491 2378 tantum
514 2320 638 2379 studens
660 2323 695 2377 ut
717 2322 823 2377 natum
844 2321 1014 2394 recuperet:

372 2406 475 2481 itaque
496 2405 563 2482 lege
586 2405 695 2463 etrite
718 2406 815 2477 civem¹
840 2404 1007 2481 cognitam:

371 2507 516 2566 persuasu
538 2490 616 2549 servi
639 2493 730 2565 atquc
753 2490 946 2548 conductam:

372 2577 466 2634 tradit
488 2575 596 2636 vicine.
621 2594 688 2633 eum
710 2577 800 2650 putat
822 2594 897 2633 uxor
919 2574 977 2633 sibi
985 2595 996 2632 :1
1090 2642 1093 2655 .

231 2734 276 2798 sic
299 2733 385 2797 enim
407 2731 441 2795 hi
463 2725 575 2816 scripti
598 2736 673 2795 sunt
695 2732 731 2795 in
754 2730 925 2795 codicibus
953 2728 1087 2794 Hiscine
1110 2732 1213 2818 igitur
1236 2735 1377 2799 versibus

230 2848 266 2906 ut
292 2842 477 2926 supplendis
498 2842 622 2906 lacunis
639 2843 887 2907 succurrendum
911 2840 953 2904 sit
975 2842 1166 2926 necessarie,
1191 2866 1260 2909 non
1282 2845 1377 2910 liceat

231 2954 269 3016 de
296 2953 413 3017 lacuna
440 2952 507 3016 ulla
535 2953 693 3037 cogitare,
724 2953 825 3016 sicubi
848 2952 896 3016 vel
924 2952 959 3015 in
981 2950 1112 3037 reliquis
1135 2954 1266 3019 sedibus
1288 2955 1390 3024 hient:
1425 2990 1431 3003 ·

232 3067 264 3127 et
285 3064 441 3128 fatiscant
463 3066 496 3127 et
514 3062 1072 3162 (1111111111111111111111,,11111111111.
1093 3063 1124 3128 3.
1138 3062 1218 3129 Aul.
1238 3067 1268 3130 7.
1285 3067 1379 3132 Cure.

233 3177 261 3238 l.
285 3176 315 3237 2.
340 3172 435 3258 Epid.
459 3175 489 3238 5.
514 3173 612 3238 Mero.
640 3175 669 3238 l.
693 3173 791 3238 Poen.
815 3174 851 3237 6:

372 3343 426 3398 pro
449 3324 548 3398 patria
569 3325 751 3399 Amphitruo
775 3324 847 3382 dum
870 3324 963 3382 cernit
985 3342 1051 3382 cum
1073 3323 1232 3386 hostibus:

372 3429 403 3466 re
426 3410 507 3467 omni
529 3410 664 3484 inspecta
686 3409 897 3485 compresseris
920 3410 1068 3469 servolus:

372 3493 511 3552 Curculio
534 3496 642 3553 missus
664 3495 844 3554 Phaedromi
866 3495 892 3552 it
914 3492 1046 3553 Cariam:

371 3583 406 3638 111
428 3583 513 3655 petat
536 3584 703 3655 argentum.
727 3580 769 3638 ibi
791 3579 887 3638 cludit
910 3580 1016 3638 anulo:

371 3666 536 3740 inprudens
559 3665 675 3723 iuvenis
698 3684 884 3740 compressae
906 3683 939 3723 ao
962 3664 1081 3723 militis:

374 3751 493 3808 obduxc
516 3754 657 3809 scortum.
681 3753 747 3809 tum
772 3750 933 3808 Charinum
958 3769 992 3808 ex
1015 3749 1104 3827 fuga:

373 3834 475 3895 lenoni
498 3835 644 3894 obtrudit.
667 3837 710 3893 ita
733 3855 801 3893 eum
824 3837 905 3893 fm‘to
929 3835 1050 3911 alligat:
1108 3897 1126 3906 „

232 3986 283 4050 vel
309 3985 343 4049 in
365 3985 434 4069 ipso
457 3985 536 4068 pede
558 3983 654 4048 tertio
682 3981 732 4046 his
755 3983 924 4066 exemplis,
955 4004 1035 4067 quae
1064 3984 1174 4047 statim
1203 3989 1389 4068 quomodo

232 4095 482 4177 redintegranda
505 4098 616 4178 putem
638 4094 801 4178 significo:

377 4265 407 4318 ct
429 4263 499 4320 inde
521 4263 642 4337 pridem
667 4257 751 4340 [esso]
777 4261 965 4337 emigratum.
988 4261 1168 4319 inttrvenit:

375 4347 401 4402 ci
425 4351 562 4422 srirrcpto
586 4343 728 4426 [illorum]
753 4348 847 4404 Altero
870 4366 949 4404 mors
974 4346 1099 4424 optigit:
