2946 5010
245 293 312 357 434
603 308 820 370 vuniuoovm
843 309 1031 357 susumus.

249 469 379 542 ip-itorc
398 469 621 541 μην-ἐμίανε
646 463 769 548 fingere
797 485 892 548 quam
920 484 1072 547 umquam
1093 463 1170 527 ficta
1192 467 1268 528 suut
1288 470 1376 528 claud-

200 589 229 638 xt
251 580 375 638 ic-ttare
397 577 601 639 dest-in-r‘tare
627 580 863 639 ratiocinaturi
888 579 1097 639 amo-auare
1117 580 1328 639 sort-r'It-r'tarc
1344 595 1376 638 es·

251 690 383 747 or-e'tarc
401 688 633 761 serv-esc·ttarc
659 691 910 765 inpertire-itare
936 691 1139 749 lac-essitare
1158 692 1374 766 patr-r'ss-itnre.

255 792 364 858 Vnum
386 793 517 879 regulae
539 795 744 879 repugnabat
770 795 866 859 nimis
894 794 947 857 diu
969 798 1182 880 propagatum
1205 798 1241 860 in
1262 796 1377 880 prologo

249 903 533 969 Menaechmorum
565 911 736 969 sicetissr'tat
768 905 817 969 vel
853 904 932 969 adeo
964 898 1179 991 siceltctsatat:
1213 926 1376 991 repugnare

176 1000 180 1005 ⁸
249 989 357 1098 desiit,
382 1037 421 1079 ex
442 1037 505 1100 quo
526 1037 636 1079 veram
657 1022 805 1080 sicelissat
824 1015 962 1079 formam
982 1015 1084 1099 ipsius
1099 1014 1188 1080 Festi
1204 1017 1376 1081 auctoritate

247 1126 475 1199 revocavimus.
576 1199 578 1204 ,

331 1236 422 1301 Haec
443 1237 545 1322 igitur
567 1237 595 1301 si
616 1237 663 1300 ita
685 1239 771 1318 sunt,
795 1238 828 1300 et
843 1234 1011 1300 liberanda
1028 1250 1097 1300 esse
1113 1235 1220 1302 lexica
1231 1244 1377 1319 purpr'tcre

247 1354 436 1428 obiurpr'tare
450 1347 581 1412 vocibus
597 1349 742 1431 apparet,
766 1349 799 1410 et
813 1345 914 1410 multo
929 1347 1033 1432 magis
1054 1347 1233 1411 cavendum
1254 1371 1295 1413 ne
1309 1367 1377 1412 novo

246 1465 428 1536 clarificare
448 1459 570 1522 formae
594 1459 773 1522 commento
794 1455 1041 1540 interpolentur,
1066 1457 1150 1541 quod
1166 1456 1308 1523 Lucretii
1321 1479 1377 1521 ver·

247 1570 294 1633 sui
317 1567 357 1652 V,
382 1569 443 1633 947
467 1568 692 1633 Lachmannus
714 1566 874 1631 adhibuit:

329 1695 373 1752 Vt
393 1712 474 1752 nunc
494 1693 649 1752 montibus
671 1712 687 1750 c
709 1692 827 1770 magnis
850 1692 991 1751 decursim
1013 1693 1104 1769 aquai
1208 1704 1214 1708 “

330 1778 492 1854 (llarigitat
513 1779 573 1836 late
595 1778 729 1837 sitientia
751 1777 848 1836 saecla
870 1777 1009 1835 ferarum.

246 1909 399 1984 Quodne
422 1929 479 1991 per
500 1929 535 1972 se
557 1906 699 1991 quidem,
729 1907 876 1971 etiamsi
898 1908 1110 1992 grammatica
1136 1909 1220 1974 ratio
1248 1932 1314 1975 uon
1336 1908 1381 1973 ad-

245 2021 441 2100 versaretur,
470 2016 596 2101 placere
619 2022 741 2100 posset:
771 2021 839 2082 tum
860 2039 927 2082 non
948 2018 1042 2082 modo
1063 2019 1147 2082 mira
1167 2019 1247 2084 iuris
1269 2021 1381 2105 publici

246 2131 287 2194 ad
310 2150 509 2194 communem
530 2149 623 2191 usum
646 2127 816 2192 translatio
839 2132 939 2212 esset,
963 2128 1195 2193 verumetiam
1218 2153 1237 2194 a
1259 2133 1383 2216 propria

245 2242 277 2304 vi
300 2239 520 2324 elongationis
542 2260 633 2303 secus
655 2238 797 2303 detorta:
826 2243 863 2304 ut
884 2261 946 2324 qua
968 2235 1034 2304 nori
1057 2261 1107 2303 res
1130 2240 1296 2324 quaelibet
1315 2263 1383 2327 quo

244 2351 325 2415 libet
345 2350 439 2414 modo
460 2352 648 2433 repetantur
669 2349 866 2432 simpliciter,
892 2350 947 2413 sed
969 2353 1081 2433 raptae
1102 2349 1154 2413 vel
1176 2373 1236 2434 per
1259 2352 1324 2416 uim
1342 2374 1385 2416 re

246 2466 354 2527 tentae
371 2465 465 2545 atque
481 2460 608 2525 debitae
623 2459 821 2526 sollemniter
842 2464 1064 2545 exposcuntur.
1095 2459 1200 2535 Quam
1214 2462 1249 2525 in
1265 2466 1386 2546 partem

247 2595 317 2637 cum
341 2573 406 2655 alii,
430 2575 468 2636 ut
488 2570 617 2636 Servius
638 2571 674 2634 in
687 2569 845 2634 Aeneidos
869 2570 1002 2653 1X,53.
1028 2569 1068 2654 X,
1096 2571 1145 2655 14,
1169 2574 1239 2635 tum
1263 2576 1387 2656 praeter

246 2687 368 2747 ceteros
390 2681 585 2766 planissimis
608 2680 713 2744 verbis
735 2679 858 2765 Plinius
886 2681 1117 2765 interpretatus
1139 2683 1189 2745 est
1210 2681 1290 2748 Nat.
1314 2683 1385 2748 hist.

245 2792 340 2857 XXII
363 2797 383 2873 ξ
405 2794 441 2856 5:
470 2797 630 2874 elegatis,
655 2813 721 2856 cam
745 2797 900 2856 cohortis
921 2796 1164 2871 clericorumque
1185 2779 1385 2872 mitterentur,

245 2908 280 2966 itt
300 2914 343 2966 cst
364 2923 413 2966 res
434 2913 545 2981 raptas
566 2907 651 2966 clarc
671 2908 840 2981 repetitum.
885 2900 964 2964 Eius
985 2900 1087 2985 igitur
1107 2901 1251 2966 notionis
1274 2905 1387 2968 severi·

246 3016 297 3075 tas
320 3015 352 3074 et
374 3032 473 3095 prope
502 3011 636 3075 dixerim
665 3012 818 3075 atrocitas
847 3011 902 3096 qui
929 3011 1041 3075 cadere
1069 3031 1162 3094 posse
1190 3012 1226 3076 in
1248 3013 1389 3079 fluminis

247 3121 366 3186 solacia
388 3121 533 3184 credetur
556 3121 734 3185 sitientium
756 3143 873 3206 greges
895 3120 1036 3186 ferarum
1056 3122 1245 3206 repetentis,
1270 3123 1389 3189 blando

246 3253 400 3315 aquarum
427 3231 641 3295 invitamento
670 3232 710 3295 ad
738 3254 772 3296 se
800 3231 1040 3318 revocantistt)
1083 3231 1242 3296 Necnon
1272 3234 1391 3299 nimius

245 3342 330 3407 idem
363 3340 590 3405 Lachmaunus
622 3342 685 3405 fuit
712 3343 746 3405 in
775 3341 984 3428 Forbigerum
1016 3341 1214 3426 invehendo,
1251 3345 1337 3428 quod
1364 3347 1390 3409 is

247 3454 349 3518 Clara*
372 3459 446 3518 citat
468 3455 581 3536 poetae
595 3452 741 3516 tribuens
757 3451 928 3537 dupliciter
942 3458 1122 3537 peccasset:
1145 3454 1267 3538 quippe
1282 3455 1392 3520 decur-

246 3585 316 3628 sum
345 3584 445 3647 aquae
473 3585 534 3626 uec
560 3569 657 3627 citare
683 3563 768 3626 feras
797 3561 829 3625 h.
854 3585 880 3626 e.
911 3566 986 3627 ‘aut
1007 3563 1047 3627 ad
1076 3584 1203 3627 cursum
1230 3564 1392 3651 instigare

246 3678 302 3740 aut
325 3673 455 3739 nomine
484 3670 674 3758 appellar'c’,
709 3695 769 3737 nec
797 3676 883 3736 recte
910 3679 1029 3738 clarum
1057 3673 1120 3737 dici
1141 3676 1393 3761 tamquamqui

247 3786 332 3850 clare
359 3784 532 3849 audiretur.
589 3783 633 3848 Et
662 3783 724 3847 hoc
756 3783 883 3868 quidem
914 3783 970 3846 ille
1001 3780 1186 3847 verissime:
1221 3806 1292 3850 non
1324 3791 1392 3851 tam

312 3989 338 4058 ⁴⁸)
369 3988 464 4057 [Recte
487 3986 575 4057 igitur
596 3988 667 4042 acris
689 3986 785 4041 iudicii
811 3987 852 4040 vir
877 3986 959 4056 Ilugo
985 3986 1085 4041 Munro
1112 3987 1300 4056 praelationis
1326 4006 1394 4045 susc

246 4082 299 4148 (ed.
320 4080 451 4135 Cantabr.
472 4097 496 4135 a.
518 4084 594 4150 1860)
611 4100 638 4151 p.
656 4079 734 4135 XXX
751 4080 975 4135 ‘Lachmannus’
994 4080 1035 4134 ait
1053 4082 1226 4150 ‘clamitat
1246 4081 1324 4149 quod
1341 4101 1395 4138 nec

246 4173 346 4228 dicitur
362 4173 461 4228 Latine
479 4191 531 4228 nec
548 4174 602 4229 dici
617 4175 713 4244 potest
729 4189 793 4238 neo,
811 4173 835 4226 si
851 4172 1002 4240 diceretur,
1021 4173 1095 4242 quod
1112 4173 1160 4228 ille
1178 4172 1270 4228 voluit
1286 4176 1393 4245 signifi·

246 4283 309 4320 carc
326 4268 439 4335 posset’
465 4265 639 4335 Quemquam
650 4268 685 4323 de
697 4265 845 4335 Forbigcri
862 4267 1021 4322 coniectura
1037 4266 1121 4333 longe
1138 4265 1215 4320 idem
1233 4283 1323 4333 quam
1339 4287 1394 4338 par

246 4359 307 4411 erat
326 4358 505 4428 clementius]
