2948 4994
459 346 680 395 enossuruvu
704 346 918 394 1311111113.
1196 323 1260 389 265

205 502 250 566 ln
272 500 406 565 Persa.
453 501 493 564 78
516 506 746 580 quadriduo:
784 498 899 563 Persae
921 499 948 581 I,
974 500 1003 579 l,
1026 498 1067 563 38
1091 497 1157 577 (37)
1183 498 1260 572 Ouo's

118 620 259 678 contiuuo
293 613 350 676 aiei
369 632 515 691 reponam
537 617 568 674 ia
591 616 648 675 1133
670 612 772 674 triduo
794 621 847 674 aut
869 611 1051 689 quadriduo.
1098 607 1151 673 Sic
1173 607 1259 671 enim

117 723 321 788 scribendum
352 744 425 786 eum
446 721 536 785 libris
559 722 704 804 quamvis
727 721 887 804 asperiore
911 719 1127 803 correptione,
1166 719 1258 782 utin

116 835 259 899 numeris
291 832 510 914 liberioribus,
546 852 612 895 non
635 831 788 916 legitimis
811 831 1034 915 continuisque
1056 828 1257 913 septenariis

117 944 243 1028 Quippe
267 946 419 1008 constans
442 945 490 1006 est
512 942 547 1005 in
568 942 630 1006 hoe
651 963 770 1026 genere
793 948 823 1007 ia
845 941 1092 1025 praepositionis
1107 939 1257 1022 accessio,

117 1059 154 1120 111
175 1054 347 1118 Asinariae
369 1052 426 1136 IV,
454 1058 481 1136 l,
508 1053 546 1116 19
569 1054 657 1135 (764)
681 1061 715 1118 m'
735 1060 766 1117 ia
789 1054 963 1133 quadriduo
979 1055 1178 1127 abalienaret,
1203 1049 1258 1113 11111

117 1173 148 1230 ia
171 1165 273 1229 Vetus
295 1167 419 1247 tuetur3
442 1164 520 1227 item
542 1162 693 1227 Pseuduli
715 1163 741 1246 I,
764 1164 795 1246 3,
819 1164 861 1227 82
884 1163 973 1247 (316)
996 1185 1052 1242 epo
1074 1168 1104 1226 r'a
1127 1167 1184 1226 1133
1207 1162 1258 1224 tri·
1314 1223 1320 1237 ,

120 1283 180 1340 duo
205 1324 212 1339 .
239 1325 246 1339 .
272 1329 277 1342 .
300 1277 434 1339 evolvam
466 1280 500 1337 id
532 1274 689 1352 arquatum
723 1280 786 1338 tihi.
827 1314 862 1325 -
902 1272 1059 1337 Vitiosum
1093 1277 1258 1352 quatriduo

117 1387 310 1469 scripturam
338 1384 562 1448 Fleckeisenns
592 1383 729 1467 explosit
750 1385 784 1449 in
807 1384 964 1468 ‘Frrnfzig
986 1381 1131 1446 Artikel'
1160 1404 1192 1465 p.
1216 1382 1258 1446 25

117 1518 180 1581 sq:
204 1517 340 1580 quocum
363 1495 404 1559 cf.
428 1494 660 1578 praefationem
683 1496 718 1558 in
740 1494 871 1558 Persam
893 1497 1037 1557 nostram
1060 1517 1091 1576 p.
1116 1492 1156 1556 X.

203 1606 243 1670 79
265 1612 368 1670 tere:
391 1604 508 1668 Persae
531 1605 557 1687 l,
581 1607 612 1686 3,
635 1606 676 1669 28
700 1607 808 1690 (108);
833 1605 906 1668 vide
929 1605 968 1667 ad
991 1608 1011 1685 ξ
1034 1605 1085 1668 52.

201 1718 244 1781 80
265 1722 440 1795 temperi:
462 1716 505 1779 ib.
529 1716 572 1798 II,
595 1716 626 1797 2,
649 1716 690 1779 47
714 1717 819 1797 (228);
842 1714 913 1778 vide
936 1715 976 1778 ad
999 1719 1019 1795 ξ
1041 1714 1093 1778 66.
1117 1763 1121 1769 .

203 1825 238 1890 81
267 1833 457 1891 amiciter:
480 1826 523 1889 ib.
540 1825 583 1908 ΙΙ,
599 1827 630 1908 3,
654 1828 674 1891 3
697 1827 784 1909 (255)
811 1828 955 1902 Quoniam
977 1846 1042 1890 mco
1064 1832 1162 1890 amieo
1185 1825 1257 1887 ami·

116 1946 196 2002 citer
216 1943 298 2003 tane
320 1940 539 2002 commoditatis
559 1939 680 2016 copiam
703 1938 836 2001 Daauut.

202 2049 414 2126 82131131,
450 2047 476 2110 si
499 2046 656 2111 Prisciani
679 2047 769 2111 libris
792 2048 880 2127 fides,
904 2045 1155 2131 glossographus
1178 2045 1259 2129 legit

117 2158 284 2235 1113311133
307 2180 363 2222 333
384 2157 502 2222 Persae
523 2157 566 2239 ΙΙ,
590 2159 621 2240 3,
648 2159 687 2220 12
708 2158 809 2241 (265),
833 2158 887 2221 ubi
909 2171 1050 2222 tautae
1065 2156 1115 2220 vel
1131 2169 1187 2220 tua
1202 2167 1258 2220 tae

118 2292 190 2332 cum
212 2269 425 2332 Ambrosiano
447 2267 655 2350 Vrsinianus,
678 2282 797 2333 arraona
818 2266 976 2331 Palatini:
1022 2266 1083 2333 Diu
1105 2289 1164 2346 quo
1185 2272 1259 2330 heae

116 2390 193 2458 3131,
218 2386 268 2443 die
287 2380 348 2444 aino
370 2385 540 2444 absolvam:
562 2380 618 2443 tua
639 2391 697 2443 tax
717 2390 804 2458 serpo
825 2385 883 2442 era
902 2375 981 2443 mio:
1009 2400 1069 2442 aon
1091 2399 1175 2441 euro.
1208 2376 1259 2440 Ea

118 2494 223 2555 autem
258 2490 362 2553 forma
393 2512 457 2573 qua
491 2492 578 2552 certa
611 2489 734 2552 ratione
758 2489 996 2553 commendetur
1018 2510 1095 2572 prae
1117 2508 1257 2570 eaquae

116 2600 269 2684 vulgatur
301 2611 358 2663 aaa
390 2611 461 2677 tau,
501 2599 662 2663 subtiliter
698 2599 878 2662 Priderieus
907 2598 1036 2662 Diczins
1069 2597 1196 2680 aperuit
1222 2597 1257 2660 in

117 2709 250 2774 Hoeferi
274 2709 478 2774 ‘Zeitschrift
509 2710 563 2773 fiir
594 2710 645 2773 die
668 2708 907 2773 Wissensehaft
934 2709 989 2772 der
1012 2707 1171 2792 Sprache’
1195 2707 1256 2772 vol.

117 2820 166 2884 ΙΙΙ
189 2843 221 2904 p.
244 2821 323 2902 400,
361 2819 400 2883 de
422 2820 546 2884 variata
568 2821 602 2882 in
624 2820 743 2883 talibus
766 2819 966 2904 singularum
988 2819 1184 2903 syllabarum
1205 2841 1258 2883 13-

118 2930 180 2995 cali
213 2952 313 3015 agens
346 2952 597 3014 comparansque
631 2936 802 2994 butu-beau
824 2929 1026 2994 Naevianum
1058 2933 1141 2994 teste
1163 2930 1259 2995 Festo

117 3040 210 3104 Pauli
233 3063 264 3123 p.
288 3041 340 3122 36,
363 3040 383 3105 6
405 3039 463 3121 M,
494 3039 681 3104 Plautinum
704 3039 849 3105 Charisia
872 3044 1000 3105 anctore
1022 3064 1054 3125 p.
1078 3041 1141 3104 242
1163 3040 1258 3105 Κ.-
1359 3044 1361 3046 ’

118 3151 268 3215 Ceteram
299 3172 360 3235 quo
388 3151 454 3214 3113
478 3150 611 3215 consilio
633 3152 699 3215 sive
722 3173 797 3215 casu
820 3154 853 3215 et
874 3173 980 3215 errore
1001 3152 1036 3214 in
1059 3152 1153 3215 huius
1175 3153 1258 3236 glos-

117 3282 173 3324 sae
194 3259 380 3332 societatem
402 3261 527 3325 venerit
548 3283 586 3324 ea
608 3262 832 3345 interpretatio
855 3283 936 3346 quae
960 3283 979 3324 a
998 3268 1184 3340 pratulaudr'
1203 3285 1258 3326 no-

118 3371 207 3434 tione
230 3370 325 3434 ducta
348 3373 412 3453 est,
450 3371 554 3434 fateor
576 3393 626 3434 me
649 3372 799 3456 ignorare
821 3372 911 3435 iuxta
934 3394 1005 3435 311111
1028 3373 1257 3456 ignarissumo:

119 3485 185 3545 tam
208 3479 263 3543 illa
285 3504 304 3544 3
326 3480 442 3545 Persae
464 3504 556 3545 versu
577 3483 674 3566 longe
689 3483 876 3565 planissimo
892 3482 1052 3546 abhorret.
1091 3483 1135 3546 Et
1149 3486 1258 3546 tamen

120 3591 254 3654 eandem
277 3613 348 3654 311111
370 3590 578 3676 Scaligerano
600 3593 739 3676 itemque
762 3592 1028 3677 Heidelbergensi
1052 3592 1159 3656 codice
1176 3615 1258 3657 com-

117 3722 249 3765 munem
270 3701 393 3766 habent
414 3701 577 3786 Excerpta
599 3725 616 3766 3
639 3702 829 3767 (laminiana
853 3702 916 3785 (vel
938 3703 1020 3766 lulio
1035 3702 1182 3766 Romano
1204 3725 1257 3785 po·

117 3811 193 3892 tias,
217 3813 254 3873 ut
275 3809 371 3875 facile
394 3815 539 3895 apparet)
564 3818 601 3876 de
622 3818 843 3890 interiectione,
868 3835 948 3896 quae
972 3835 988 3875 e
1012 3812 1173 3876 codicibus
1195 3812 1259 3876 Va·

117 3919 264 3983 lentiano
286 3923 319 3984 et
340 3920 537 4003 Vossiano*)
560 3923 662 4006 petita
685 3922 830 3987 Charisio
852 3943 908 3985 suo
931 3921 973 3985 H.
998 3921 1120 3985 Keilius
1143 3945 1173 4004 p.
1196 3922 1259 3986 238

188 4191 213 4258 *)
232 4191 302 4244 Eum
321 4192 445 4246 codicem
464 4195 559 4260 (Voss.
578 4196 639 4251 tal.
659 4196 690 4261 Q.
711 4196 771 4261 33),
790 4194 959 4262 descriptum
978 4193 1014 4247 ab
1032 4191 1152 4246 Hemico
1170 4192 1259 4247 Keilio

118 4282 208 4352 praef.
228 4283 265 4336 ad
283 4284 405 4338 Gramm.
425 4286 472 4339 lat.
494 4288 514 4339 t.
539 4287 577 4339 Ill
595 4306 622 4356 p.
636 4293 686 4341 389
705 4305 763 4354 sqq.
785 4287 845 4341 coll.
865 4288 952 4357 praef.
972 4286 1008 4341 ad
1027 4288 1046 4339 t.
1065 4287 1076 4339 l
1095 4305 1121 4356 p.
1136 4286 1199 4340 XIX
1218 4304 1257 4354 sq.

119 4378 187 4444 (quo
206 4375 279 4434 adde
296 4377 447 4432 Luciaunm
465 4379 626 4433 Muellerum
644 4380 713 4433 Mus.
733 4381 820 4434 1111311,
840 4380 890 4434 XX
908 4400 934 4450 p.
955 4387 1004 4435 357
1024 4384 1109 4448 sqq),
1128 4380 1258 4449 qnoniam
