2940 5010
212 307 232 369 6
406 378 409 386 ,
479 308 571 366 uana
600 318 661 364 nm
684 317 808 363 muru<
831 316 896 364 nus
920 314 1085 361 rasurus.

149 481 197 528 157
217 476 329 539 cuniae
352 474 519 554 adessent,
542 470 652 535 modus
675 471 758 532 esset
780 468 821 532 ad
842 468 1033 532 mittendum
1057 467 1197 550 aliquem
1219 488 1289 529 non
1313 467 1377 559 ing

213 586 344 667 sulsum,
367 584 421 668 qui
444 583 541 647 sciret
563 580 733 645 convenire
755 578 928 661 hominem,
952 582 985 643 ct
1007 578 1104 642 libros
1128 578 1265 641 deferre.
1314 577 1365 641 Tu

214 695 306 760 modo
330 699 365 758 ut
386 693 514 777 placet?
544 693 621 756 Man
644 689 738 771 sieht,
762 711 828 752 was
850 688 919 752 sich
941 687 1023 752 auch
1046 691 1156 771 spiiter
1178 711 1265 772 ganz
1290 689 1365 752 klar

215 806 331 890 ergibt,
356 805 406 868 die
428 801 641 867 Handschrift
662 800 800 865 enthielt
821 798 978 863 sechzehn
999 797 1189 881 Kombdien,
1213 799 1364 863 mamlich

215 917 265 981 dic
288 915 384 979 zwblf
402 915 521 978 letzten
543 911 749 995 vollstitndig,
774 911 825 975 bei
848 911 945 974 deren
966 909 1178 993 Aufzdhlung
1200 910 1259 974 der
1281 911 1363 974 Tru·

216 1027 360 1091 culentus
382 1047 443 1088 nur
470 1022 569 1087 durch
597 1023 650 1085 ein
672 1021 842 1106 zufdlliges
865 1020 1030 1085 Versehen
1058 1021 1129 1084 dcrn
1152 1020 1363 1086 Trinummus

215 1134 444 1220 vorangestellt
466 1133 524 1215 ist,
557 1153 620 1196 von
648 1130 710 1195 den
739 1131 815 1196 acht
842 1132 978 1216 iibrigen
1007 1131 1083 1194 aber
1110 1153 1173 1195 nur
1201 1131 1254 1195 die
1277 1135 1363 1196 erste

215 1245 343 1310 Helfte:
366 1267 402 1308 sc
424 1244 497 1307 dass
520 1243 587 1306 also
609 1241 676 1304 vier
698 1264 754 1326 aus
777 1242 833 1305 der
847 1242 942 1306 Mitte
957 1241 1072 1306 herans
1087 1241 1225 1306 fehlten.
1265 1242 1363 1306 Denn

214 1356 265 1420 die
298 1356 369 1419 ‘cui
397 1354 487 1417 deest
512 1362 647 1418 nomen’
676 1352 720 1416 ist
747 1352 797 1416 die
825 1352 992 1435 Asinaria,
1021 1355 1080 1415 wie
1110 1352 1194 1416 auch
1217 1336 1276 1416 aus
1301 1353 1362 1417 den

215 1464 454 1550 mitgetheilten
478 1463 752 1547 Anfangswortcn
775 1463 830 1526 des
852 1463 924 1527 dem
946 1461 1064 1526 Stiicke
1087 1462 1362 1546 vorangehenden

175 1571 177 1575 ’
216 1577 471 1659 Argumentum:
500 1581 617 1637 cenanti
633 1586 760 1652 cruento
779 1580 845 1650 filio
866 1572 1076 1657 hervcrgeht‚
1101 1573 1151 1636 dic
1173 1573 1236 1637 mit
1257 1574 1362 1637 denen

216 1686 271 1749 des
287 1688 368 1769 Arg.
386 1684 550 1767 Amphitr.
568 1685 602 1747 in
617 1683 698 1747 Eins
713 1682 1109 1766 zusammengeschrieben
1125 1682 1208 1747 sind.
1247 1683 1363 1747 Euclio

217 1797 261 1858 ist
282 1793 389 1876 nieht,
413 1795 472 1857 wie
495 1793 619 1857 Tcnclli
642 1797 731 1877 sagt,
755 1794 864 1857 ‘nobis
886 1794 1028 1877 ignota’‚
1052 1793 1194 1857 sondern
1217 1794 1364 1857 offenbar
1457 1863 1459 1871 ,

217 1904 273 1967 der
308 1904 398 1967 einer
425 1903 526 1968 Scene
560 1905 615 1967 der
643 1903 808 1966 Aulularia
841 1903 1150 1987 dbergeschriebene
1184 1903 1363 1968 Personen·

218 2036 333 2095 name,
367 2013 424 2119 der
457 2014 510 2076 fiir
543 2017 604 2078 den
633 2013 716 2077 Titel
751 2014 838 2118 eines
871 2036 975 2078 neuen
1005 2014 1139 2078 Sttickes
1169 2037 1365 2100 genommen

217 2123 334 2187 wurde.
358 2162 400 2172 —-
423 2123 486 2187 Um
508 2124 559 2188 die
580 2123 675 2187 Mitte
703 2123 757 2187 des
779 2123 895 2188 Jahres
920 2124 1001 2188 1429
1028 2125 1151 2188 warin
1175 2125 1232 2188 der
1254 2127 1366 2210 Ange-

218 2233 382 2318 legenheit
409 2233 493 2297 noch
520 2233 627 2298 nichts
655 2233 855 2318 geschehen3
888 2234 973 2298 deun
1000 2238 1096 2299 unter
1123 2235 1196 2298 dem
1224 2236 1267 2301 23
1297 2236 1367 2300 Jnli

217 2344 359 2409 schreibt
381 2343 505 2429 Poggio
535 2343 614 2427 (111,
637 2345 680 2409 39
702 2367 733 2427 p.
757 2345 833 2429 288)
862 2367 905 2408 an
928 2344 1103 2409 denselben
1125 2345 1270 2409 Niccoli:
1301 2346 1368 2410 ‘De

216 2454 348 2538 Plauto,
378 2458 410 2518 et
432 2454 562 2539 reliquis
585 2455 783 2537 auctoribus,
813 2455 867 2538 qui
890 2458 966 2518 sunt
987 2454 1124 2539 relegati
1147 2457 1251 2538 apud
1276 2456 1370 2521 Ale-

217 2568 401 2647 m'anncs,
431 2587 498 2628 non
521 2569 570 2628 cst
592 2569 718 2649 tempus
741 2565 859 2649 agendi
882 2568 938 2627 aut
960 2564 1125 2647 loquendi,
1155 2589 1232 2630 nam
1256 2590 1372 2633 sumus

218 2675 322 2759 sparsi
350 2681 461 2737 omnes
489 2675 588 2738 variis
615 2675 649 2738 in
672 2675 760 2738 locis.
806 2674 885 2739 Cum
913 2674 1069 2738 Pontifice
1099 2677 1306 2760 paucissimi,
1339 2683 1374 2742 et

219 2784 274 2847 alii
303 2782 529 2866 prohibentur·
542 2784 605 2848 huc
635 2785 800 2849 accedere:
833 2787 941 2868 itaque
968 2785 1104 2849 vivimus
1132 2788 1374 2870 quodammodo

218 2892 367 2957 solitarii.
414 2891 513 2976 Spero
535 2897 645 2959 tamen
652 2944 661 2977 ‚
691 2898 726 2957 ut
753 2895 880 2978 percepi
904 2916 942 2957 ex
966 2894 1082 2958 litteris
1105 2894 1233 2960 Nicolai
1256 2897 1376 2963 Trevi-

218 3003 332 3084 rensis,
356 3002 461 3085 ipsum
483 3007 652 3067 venturum
675 3004 715 3067 ad
729 3003 849 3067 Vrbem
873 3027 945 3068 cum
966 3004 1067 3088 libris,
1093 3006 1178 3070 circa
1200 3006 1376 3074 Kalendas

219 3112 424 3196 Novembris,
456 3117 489 3176 et
515 3135 552 3176 ca
579 3113 642 3178 fuit
669 3136 779 3197 causa,
810 3137 865 3178 cur
888 3115 1068 3180 Cardinalis
1090 3137 1157 3180 non
1179 3117 1310 3182 miserit
1334 3143 1376 3184 eo

220 3246 319 3287 unum
341 3245 379 3287 ex
402 3223 483 3306 suis,
517 3228 611 3307 prout
638 3225 832 3290 decreverat.
877 3225 949 3309 Ego
972 3230 1080 3289 autem
1103 3248 1168 3290 non
1191 3228 1300 3293 solum
1324 3231 1376 3294 fui

220 3334 389 3416 sollicitus,
418 3335 474 3398 scd
496 3335 712 3418 importunus,
745 3339 781 3399 ut
807 3335 875 3419 ipse
903 3336 1072 3419 quemdam
1100 3337 1283 3403 destinaret
1311 3363 1378 3424 pro

219 3444 324 3508 libris:
347 3444 402 3507 sed
423 3447 507 3509 nosti
530 3468 633 3510 mores
655 3450 793 3530 nostros
818 3447 960 3510 omnium
982 3468 1088 3510 rerum
1110 3447 1237 3512 incuria
1261 3455 1315 3514 est
1340 3452 1378 3516 in

219 3554 322 3631 nobis,
346 3554 519 3618 ambitione
542 3559 574 3649 et
597 3556 771 3639 eupiditate
794 3557 959 3639 exceptis?
996 3555 1074 3620 Erst
1096 3579 1180 3641 ganz
1204 3581 1259 3622 am
1274 3559 1379 3627 Ende

219 3664 274 3728 des
296 3662 428 3746 Jahres,
451 3664 499 3728 VI
519 3665 681 3730 Kalendas
704 3666 847 3730 Ianuarii
873 3667 1006 3752 14302),
1030 3667 1119 3730 kann
1141 3666 1271 3752 Poggio
1295 3671 1377 3756 (IV,

219 3775 240 3838 4
261 3797 293 3858 p.
310 3775 386 3860 304)
409 3775 459 3838 die
482 3776 633 3851 Ankimft
654 3776 710 3840 der
732 3776 946 3840 Handschrift
966 3776 1170 3841 verktinden:
1194 3777 1379 3848 ‘Nicotaus

153 3900 201 3950 ree
219 3885 416 3950 Trevirensis
438 3885 501 3950 huc
523 3887 611 3950 venit
633 3888 768 3951 afferens
797 3908 904 3951 secum
927 3887 1085 3951 sexdecim
1108 3887 1217 3952 Plauti
1243 3912 1379 3957 comoe-

219 3996 288 4062 dias
310 3998 345 4062 in
367 4018 431 4060 unc
453 3997 629 4080 volumine,
658 3999 693 4063 in
721 3997 835 4082 quibus
863 4001 998 4081 quatuor
1027 4001 1103 4062 sunt
1131 4020 1169 4062 ex
1198 3998 1257 4082 iis,
1290 4025 1380 4086 quas

287 4236 316 4299 4)
334 4237 430 4290 ‘1429’
450 4235 485 4289 ist
503 4236 548 4290 cin
566 4235 724 4289 offenbarcr
743 4235 947 4289 Schrcibfehlcr
966 4233 1104 4303 Poggius,
1122 4236 1256 4290 wortiber
1276 4241 1382 4296 wcder

220 4325 317 4379 Mehns
335 4326 406 4379 noch
424 4327 533 4380 Tonclli
553 4331 638 4379 etwas
657 4328 792 4381 bcmerkt.
