2986 5004
248 306 311 368 232
594 319 816 367 oeossarnvu
840 318 1053 365 eriavrmvu.

209 489 235 537 vt
255 497 340 539 mam
363 475 433 538 sine
457 473 652 557 antiquitate
676 473 870 536 ubertatem:
906 473 955 535 cui
978 472 1114 536 multum
1137 478 1303 557 praestrue
1328 497 1400 539 con-

250 587 397 661 iunctam¹
428 607 498 648 cum
522 583 715 669 antiquitate
737 583 927 647 brevitatem
950 605 1106 647 summam
1129 607 1166 647 eo
1189 584 1273 668 quod
1296 585 1401 649 solum

250 697 315 760 iam
349 699 450 759 restat
483 694 629 778 exemplo
663 693 872 778 intellegetis
928 694 1036 777 Atque
1058 695 1125 757 eius
1147 694 1277 780 quidem
1299 695 1401 779 ipsius

253 828 364 871 caussa
385 805 466 870 haec
488 804 596 868 onmia
619 804 824 888 prolusimus,
848 826 930 887 quae
953 803 1031 867 satis
1052 805 1266 888 perspicimus
1291 828 1401 869 rerum

252 940 344 981 usum
367 939 431 980 non
454 915 589 998 habere3
622 915 815 999 prolusimus
838 917 962 996 cautem,
998 915 1088 999 quia,
1112 916 1187 998 quid
1209 915 1343 980 tandem
1366 917 1400 980 in

254 1029 314 1091 hoc
329 1049 448 1112 genere
470 1028 641 1110 ἐξηγητικῷ
665 1025 762 1089 etiam
784 1048 872 1089 nunc
896 1025 1059 1088 conditum
1080 1026 1116 1089 in
1131 1025 1401 1091 bibliothecarum

253 1137 386 1202 latebris
420 1139 561 1200 exstaret
584 1135 824 1200 sciscitantibus
847 1135 907 1200 hoe
929 1134 1037 1199 deberi
1060 1135 1243 1219 videbatur,
1278 1140 1315 1200 ut
1336 1159 1401 1201 uuo

257 1447 416 1502 Romanum
440 1444 553 1500 stabant
571 1450 681 1500 (rurale.
712 1474 744 1482 —
781 1443 874 1499 Varro
897 1442 933 1496 L⁰
960 1445 1054 1500 ultimo
1077 1445 1186 1501 Rerum
1208 1446 1400 1501 bumanorum

256 1543 475 1606 diuinarumque
493 1542 534 1593 uit
553 1538 629 1593 Deos
648 1536 773 1593 Selectos
791 1553 855 1593 csse
873 1537 976 1593 lunum
993 1538 1090 1594 Iouem
1104 1539 1262 1594 Saturnum
1283 1540 1400 1595 Genium

256 1633 433 1689 Mercurium
461 1632 618 1699 Apollinem
645 1631 767 1685 Martem
798 1631 956 1686 Vulcanum
982 1632 1144 1699 Neptunum
1167 1632 1262 1687 Salem
1282 1633 1401 1688 Orcum.-

257 1727 391 1781 Liberum
408 1733 519 1792 putrem
540 1725 681 1780 Tellurem
701 1725 832 1780 Cererem
857 1724 996 1780 iunonem
1013 1724 1124 1779 Lunam
1148 1725 1273 1780 Dianam
1292 1724 1401 1782 Miner·

258 1837 322 1875 riam
348 1819 484 1874 Venerem
505 1820 630 1874 l‘estam:
649 1818 685 1872 Iu
705 1818 805 1885 auibus
823 1818 953 1873 omnibus
972 1817 1034 1872 XX
1048 1819 1195 1874 duedecim
1214 1836 1310 1876 mares
1329 1828 1402 1875 octe·

257 1930 309 1980 arte
327 1914 520 1981 seminarunt
539 1912 631 1979 Hique
650 1911 747 1966 selecti
764 1913 805 1966 dii
823 1912 999 1967 dicebantur.
1024 1941 1057 1947 -
1079 1911 1235 1968 Duodecim
1259 1914 1302 1967 dii
1318 1921 1402 1969 erunt

258 2007 369 2073 Iupiter
388 2006 461 2061 luno
481 2007 630 2073 Neptunus
648 2004 784 2059 Minerua
803 2003 885 2060 biars
912 2005 1006 2060 Venus
1024 2005 1122 2072 Apollo
1140 2005 1235 2060 Diana
1256 2006 1403 2063 Vulcanus

264 2100 349 2154 Vesta
368 2082 535 2155 Mercurius
555 2099 641 2153 Ceres
663 2099 763 2165 bisque
781 2098 879 2153 Plauti
901 2104 994 2153 aetate
1016 2098 1145 2166 Populus
1165 2098 1200 2154 R.
1218 2108 1284 2166 past
1301 2117 1403 2168 aecep-

258 2201 314 2247 tam
332 2193 440 2247 clatlcm
459 2195 497 2247 ad
515 2192 621 2248 Lucum
643 2192 840 2248 Trasimenum
865 2207 1015 2258 casumque
1033 2194 1192 2247 exercitum
1210 2209 1274 2248 curn
1293 2195 1323 2247 F
1323 2195 1405 2248 lami·

259 2290 305 2341 nio
324 2288 395 2342 darec
413 2294 545 2342 curatum
563 2288 768 2342 lectisternium
786 2293 812 2340 et
826 2302 880 2353 per
897 2287 1033 2341 Triduum
1045 2285 1170 2340 habitum
1188 2293 1215 2341 tt
1231 2287 1405 2353 puluinaria

258 2384 288 2435 in
307 2388 459 2447 conspeetu
476 2381 562 2446 suere
585 2380 829 2447 supplicatumque
852 2396 915 2435 cum
943 2379 1109 2446 coniupibus
1131 2385 1157 2434 et
1175 2380 1274 2436 liberis
1293 2399 1353 2436 non
1371 2384 1406 2437 ab

261 2474 371 2529 urbana
391 2475 569 2529 multitudiue
588 2479 696 2528 tuntum
714 2475 767 2528 sed
788 2480 814 2527 et
833 2476 942 2539 apresti
958 2490 1029 2540 artos
1047 2476 1076 2527 in
1095 2473 1190 2540 aliqua
1208 2490 1263 2529 suu
1280 2475 1407 2541 fortuna

258 2568 497 2634 publicanusque
517 2567 711 2633 caiiiaupetat,
733 2594 761 2601 -
786 2564 862 2617 llaec
881 2563 1115 2631 quemadmodum
1134 2582 1166 2618 ex
1184 2563 1291 2631 Nonio,
1311 2566 1408 2621 Chari-

260 2659 310 2723 sio,
328 2659 485 2724 Prisciano,
502 2659 642 2725 Varrone,
661 2657 832 2726 AugustinO,
854 2657 931 2710 Livio
955 2660 1090 2726 congesta
1108 2659 1184 2724 sunt,
1202 2658 1243 2712 ita
1261 2676 1337 2726 quae
1355 2679 1408 2730 per

260 2751 401 2819 proximas
419 2752 628 2820 Amphitruonis
652 2752 769 2820 paginas
788 2768 884 2820 sparsa
901 2752 966 2804 sunt
983 2752 1150 2818 testimonia,
1173 2752 1209 2805 ad
1226 2752 1408 2822 Pausaniam,

262 2844 438 2909 Strabonem,
456 2845 644 2909 Aristotelem,
663 2846 694 2898 D.
708 2844 908 2912 Hieronymum
927 2844 964 2911 (in
983 2845 1113 2913 Esaiam),
1132 2844 1305 2913 Suetonium,
1324 2847 1408 2902 Colu-

261 2937 385 3001 mellam,
407 2936 575 3003 Vitruvium,
603 2937 685 2990 Plinii
706 2938 739 2991 N.
758 2938 802 3004 H,
826 2937 966 2990 Donatum
989 2937 1115 3005 aliosque
1138 2941 1267 3008 spectant
1289 2958 1409 2995 nunrero

262 3027 403 3097 plurimos.
437 3061 468 3067 -
498 3029 589 3083 Vnum
616 3030 645 3082 in
668 3031 748 3084 tanta
770 3030 945 3084 multitudine
964 3030 1097 3083 scholium
1121 3031 1303 3098 offendimus,
1331 3036 1410 3103 quod

262 3122 335 3175 unde
354 3122 467 3176 ductum
486 3123 522 3175 sit
540 3123 674 3191 indagare
692 3136 747 3177 n'on
766 3123 948 3193 potuerimus,
966 3123 1137 3194 adscriptum
1156 3125 1256 3179 Bacch.
1276 3126 1298 3191 I,
1320 3134 1342 3192 1,
1361 3134 1408 3181 36:

264 3216 419 3271 Castrum
437 3225 501 3273 erat
519 3219 571 3274 tcle
588 3235 679 3284 penus
697 3220 767 3274 bello
784 3221 898 3286 persico
917 3221 1071 3274 inuentum.
1111 3219 1209 3275 Celsus
1228 3221 1320 3277 libras
1337 3238 1410 3279 suos

263 3330 280 3365 a
304 3312 445 3365 riarietutc
468 3328 565 3365 rerum
593 3319 709 3367 cestus
735 3315 856 3368 uocauit.
902 3309 982 3378 [Vide
1009 3309 1213 3379 praefationem
1235 3312 1410 3368 Bacchidum

263 3406 299 3461 (a.
322 3405 396 3469 ista)
414 3420 441 3471 p.
461 3402 499 3456 Vl
518 3403 592 3471 adn]
623 3434 655 3442 -
685 3404 728 3456 Ad
750 3403 918 3457 Bacchidum
941 3402 1050 3455 initium
1074 3402 1107 3457 de
1130 3402 1247 3458 luscinia
1266 3423 1411 3475 exponens

264 3495 353 3562 deque
371 3495 432 3549 loco
450 3496 606 3565 perpetrati
624 3514 641 3549 a
660 3497 749 3550 Tereo
768 3497 897 3550 tremoris
920 3494 1108 3564 fflscrepantia
1129 3497 1256 3551 veterum
1280 3500 1409 3553 testimo—

263 3588 310 3641 nia
332 3603 500 3657 componens
523 3589 608 3644 etiam
635 3596 700 3643 auae
724 3591 824 3643 aetatis
852 3589 1016 3658 scriptorem
1039 3588 1162 3643 novicius
1184 3588 1231 3644 ille
1255 3592 1411 3648 scholiasta

265 3683 464 3736 commemorat
481 3682 523 3736 his
542 3683 648 3737 verbis:
669 3685 808 3739 Domitius
826 3686 892 3739 dum
905 3684 1040 3739 Straboni
1051 3685 1246 3752 adstipulatur
1264 3690 1314 3753 qui
1332 3691 1410 3745 uide·

264 3793 312 3840 tur
330 3792 434 3841 tricare
457 3787 627 3852 Tucpdideru
646 3787 783 3853 aliterque
802 3787 949 3852 lependum
967 3792 1064 3841 censet
1082 3789 1178 3842 nescia
1200 3781 1254 3854 q'ria
1284 3791 1323 3843 ad
1346 3794 1412 3847 eius

265 3895 379 3934 sensum
395 3882 488 3946 possit
507 3881 594 3935 uerba
613 3881 790 3946 detorquere.
810 3908 842 3914 -
866 3876 996 3930 Ceterum
1014 3877 1098 3930 etiarn
1117 3876 1302 3947 discrepantis
1320 3881 1410 3951 scrip-

265 3972 344 4024 turae
363 3970 520 4025 notationes
537 3988 592 4024 non
611 3988 714 4041 pancras
736 3970 818 4023 huius
841 3969 942 4023 codicis
965 3970 1105 4038 margines
1127 3971 1236 4037 tenent,
1260 3973 1412 4043 adscriptis

267 4063 428 4130 plerumque
447 4064 489 4116 his
507 4064 599 4118 verliis
618 4070 646 4121 iu
666 4067 722 4120 alio
740 4067 835 4120 codice
853 4063 898 4116 vel
916 4068 945 4118 in
965 4069 1079 4132 antiqua
1098 4066 1208 4121 codice:
1227 4065 1301 4118 uude
1320 4085 1410 4137 appa·

269 4154 311 4205 ret
330 4156 397 4210 duos
416 4156 561 4210 librarium
580 4157 688 4211 codices
706 4173 861 4225 usurpasse,
881 4173 997 4225 quorum
1015 4156 1086 4210 alter
1103 4156 1304 4225 interpolatam
1317 4160 1414 4214 Plauti

269 4243 456 4300 recensionem
479 4250 635 4312 exhiberet,
663 4251 734 4304 alter
761 4250 797 4302 ab
824 4249 866 4301 his
892 4249 1153 4317 interpolationibus
1174 4249 1271 4318 paullo
1294 4251 1415 4308 liberior

269 4335 383 4403 propius
402 4339 547 4396 accederet
565 4341 601 4394 ad
620 4341 811 4396 Palatmorum
828 4340 1026 4409 integritatem.
