2918 5004
530 360 567 406 ΙΙ.
599 360 793 408 AUSGABEN.
1196 349 1237 413 37
1278 348 1281 351 ’

135 514 328 579 venueifelten
358 514 480 580 Stellen
513 515 602 578 scine
630 513 779 578 Zuflucht
805 514 898 578 nicht
923 513 1025 580 selten
1053 517 1171 600 genade
1199 541 1238 582 zu

19 640 20 647 ¹
133 616 176 682 den
199 622 335 690 Inserten
364 626 421 689 der
451 625 677 709 interpolirten
704 624 886 689 Recension
913 624 1030 708 nahm,
1063 627 1097 691 in
1125 627 1181 692 der
1203 650 1237 693 er

16 772 21 826 3
131 728 241 799 offenbor
264 736 325 800 alle
354 736 451 799 zwdlf
470 734 589 800 Stneke
616 735 735 799 besass.
781 734 876 799 Denn
904 734 955 799 die
976 736 1135 822 Meinung
1156 738 1236 803 Her-

127 844 224 908 mann's
243 845 333 909 Vorr.
358 869 385 909 z.
409 845 499 909 Trin.
522 868 555 928 p.
579 845 609 908 V
632 846 740 930 (wenn
762 844 866 909 dieser
889 846 1005 910 anders
1028 847 1090 911 den
1112 848 1235 913 Merula
1256 863 1303 912 183

14 981 15 986 ¹
126 944 263 1020 &undere
285 956 330 1019 im
352 955 452 1021 Sinna
474 954 596 1038 hatte),
619 955 685 1018 und
710 953 910 1020 Schneider's
926 955 1019 1020 Vorr.
1049 978 1075 1020 a.
1103 956 1235 1023 Rudens

118 1075 145 1136 p·
160 1057 205 1148 Vl,
225 1067 268 1130 als
290 1088 387 1130 wenn
402 1065 551 1129 Merula's
575 1066 687 1150 eigene
702 1065 892 1150 Thuugkeit
913 1066 982 1130 sich
1004 1066 1157 1151 lediglich
1180 1070 1239 1132 auf

116 1160 333 1262 Veruuerung
360 1177 417 1241 aer
443 1175 741 1240 monetaneum
770 1175 1006 1240 sehrerofener
1038 1177 1236 1243 oesehrann

109 1269 197 1368 llitte,
217 1289 304 1352 kann
326 1286 380 1351 ich
402 1277 560 1350 durchaus
587 1286 680 1350 nicht
700 1285 834 1349 theilen.
879 1285 1110 1351 Thats'achlich
1132 1288 1234 1352 sollen

102 1381 178 1474 dies,
214 1399 271 1462 wie
304 1397 356 1462 ich
391 1397 490 1478 hoffe,
525 1397 577 1460 die
599 1395 780 1460 Varianten
806 1418 846 1459 zu
873 1395 936 1460 den
968 1396 1089 1461 letzten
1124 1397 1234 1463 sieberr

96 1489 230 1573 Stdcken
257 1508 416 1573 beweisen
440 1505 522 1594 [was
551 1504 632 1570 doch
659 1528 721 1570 nur
748 1507 782 1569 in
805 1505 895 1569 sehr
916 1507 1104 1592 bedingtem
1126 1507 1233 1572 Masne

89 1604 299 1696 eingeuoffen
327 1616 399 1705 inp
434 1616 511 1681 aber
538 1615 637 1680 sehon
665 1615 814 1680 Merula's
842 1616 955 1701 eigene
983 1618 1233 1703 Aeusseruugen

84 1708 195 1794 lassen
216 1728 298 1793 doch
319 1729 415 1791 haum
439 1726 595 1809 zweifeln,
620 1727 694 1790 dass
716 1749 750 1789 er
772 1726 822 1790 die
844 1727 1070 1792 entschiedene
1094 1729 1232 1793 Absicht

76 1817 188 1920 hatte,
211 1840 273 1903 den
295 1839 379 1902 Text
406 1837 491 1903 nach
512 1836 653 1900 Kr'aften
681 1836 781 1901 durch
804 1838 977 1922 Conjectur
1005 1837 1229 1903 hernustellen.

70 1933 208 2014 Ausser
229 1950 292 2014 den
307 1948 408 2014 sehon
423 1947 662 2033 mitgetheilten
677 1946 825 2030 Worten,
850 1947 900 2011 die
922 1949 1040 2032 gerade
1063 1950 1230 2033 dasjenige

67 2039 268 2123 Verfahren
290 2081 398 2145 genau
420 2058 632 2139 bezeichnen,
657 2056 793 2120 welches
814 2057 866 2121 bei
890 2057 946 2121 der
968 2057 1229 2123 Beschaffenheit

60 2152 133 2222 der
151 2165 400 2234 Plautinischen
416 2166 812 2253 Originalhandsohriften
827 2166 925 2230 allein
939 2190 1011 2231 num
1027 2168 1113 2232 Ziele
1128 2169 1228 2252 fuhrt,

55 2268 204 2348 gehon
223 2279 335 2344 hieher
356 2278 440 2343 noch
463 2277 641 2363 Fulgendes
664 2299 721 2340 aus
744 2276 799 2341 der
822 2275 980 2359 Vorrede,
1004 2299 1071 2341 was
1094 2279 1163 2343 sich
1187 2302 1229 2342 an

54 2375 131 2446 das
154 2390 277 2454 zuletzt
291 2387 563 2474 abgeschriebene
581 2385 786 2451 anschlieast:
811 2385 923 2450 ‘Hanc
939 2390 1082 2469 egotam
1098 2387 1230 2450 arduam

53 2492 98 2553 et
129 2499 211 2563 tam
232 2500 380 2564 immensi
409 2480 528 2562 laboris
556 2519 622 2561 rem
644 2497 764 2562 veritus
786 2535 828 2545 —-
849 2535 892 2544 —
913 2517 996 2578 pene
1020 2496 1060 2559 sb
1083 2495 1230 2559 emenda-

53 2600 181 2673 tione
207 2609 385 2674 huiusmodi
413 2631 484 2672 sum
511 2607 697 2690 deterritus,
725 2606 789 2670 nisi
812 2628 863 2670 me
886 2605 1088 2689 potissimum
1110 2605 1231 2670 hortati

55 2710 288 2784 fuissent-
309 2759 353 2769 -
375 2719 589 2803 Hieronymus
612 2717 791 2781 Baduarius
821 2721 853 2780 et
880 2715 1069 2780 lhanciscus
1098 2716 1229 2798 Minius,
1312 2800 1317 2805 ·

58 2826 207 2906 quibus
227 2853 296 2895 cum
318 2829 421 2894 multa
443 2850 592 2913 perversa
615 2831 646 2892 et
665 2828 749 2892 falsa
770 2828 888 2911 corrigi
903 2826 984 2890 etin
999 2848 1107 2890 veram
1122 2826 1230 2890 lectio-

66 2954 177 3000 nem
196 2942 290 3026 redigi
317 2962 411 3025 posse
433 2939 588 3021 dicerem,
611 2977 654 2986 -
675 2978 716 2987 -
737 2961 788 3002 me
811 2940 847 3001 ut
868 2938 928 3002 hoc
951 2938 1176 3022 gravissimum
1199 2941 1231 3001 et

68 3042 325 3115 formidandum
360 3072 440 3115 onus
473 3049 666 3133 susciperem
693 3049 917 3135 perpulerunt,
953 3048 1156 3112 continenter
1182 3048 1230 3111 in-

73 3156 225 3245 stantes,
247 3164 282 3226 ut
296 3160 401 3246 quoad
415 3182 541 3245 possem
555 3199 598 3211 —
611 3198 654 3209 —-
675 3159 794 3244 viginti
809 3157 994 3241 Comoedias
1016 3161 1229 3239 emendarem,

80 3264 131 3322 ut
157 3264 318 3354 aliquando
341 3271 523 3356 legentibus
550 3270 724 3354 voluptati,
754 3290 820 3333 non
847 3268 978 3332 fastidio
1006 3269 1122 3331 forent.
1168 3266 1229 3332 Sed

87 3387 198 3453 mque
219 3382 244 3446 is
265 3405 351 3465 sum,
381 3382 436 3466 qui
464 3381 573 3445 omnia
601 3402 652 3444 me
675 3379 860 3443 emendasse
883 3379 1003 3459 dicam,
1035 3380 1091 3442 aut
1113 3378 1230 3440 amissa

92 3484 309 3576 ac(luisirisse,
334 3495 391 3556 aut
413 3492 537 3556 defecta
560 3490 772 3574 supplevisse,
797 3493 853 3553 aut
875 3510 1023 3553 numeros
1046 3488 1086 3551 ad
1110 3490 1229 3551 certam

95 3592 237 3665 regulam
250 3605 282 3666 et
295 3603 422 3685 libram,
447 3605 482 3666 ut
498 3601 689 3666 examussim
704 3600 910 3684 quadrarent,
934 3598 1109 3681 redegisse,
1132 3598 1229 3661 immo

95 3691 143 3764 ‘lul
165 3711 219 3772 vel
240 3713 271 3777 in
293 3735 344 3777 me
365 3713 436 3796 ipso
459 3713 596 3797 plurima
624 3710 824 3794 desiderans,
853 3709 954 3772 multa
982 3708 1028 3771 ita
1056 3712 1093 3771 ut
1120 3708 1229 3770 inveni

98 3795 281 3890 rell'‘lucrim.
326 3823 387 3887 Hla
421 3823 507 3887 enim
540 3821 699 3904 tantisper
727 3844 746 3884 a
773 3819 867 3884 nobis
899 3818 949 3882 vel
982 3817 1146 3881 demutata
1179 3812 1229 3877 vel

98 3919 261 3996 emelldotn
280 3933 423 4017 fuerunt,
446 3937 516 3997 tum
538 3932 584 3996 sic
606 3953 673 3995 esse
697 3952 735 3994 ex
758 3929 906 4013 diligenti
929 3931 962 3991 et
976 3926 1078 3990 multa
1091 3924 1229 3989 lectione

99 4080 294 4125 &4

99 4176 223 4264 lethem
238 4212 379 4267 mittelbar
395 4211 532 4280 geflossen
549 4210 595 4277 ist,
613 4211 771 4280 uberhaupt
788 4226 836 4262 zur
848 4205 923 4261 Seite
940 4204 1047 4269 stehen,
1066 4202 1147 4256 einen
1160 4201 1229 4257 Vor-

8 4310 10 4314 ⁴
100 4284 145 4347 ²¹¹ss
162 4307 218 4356 vor
233 4305 314 4360 ihnen
340 4305 407 4371 (und
431 4304 518 4360 daun
534 4303 688 4373 mtglicher
703 4302 798 4357 Weise
816 4288 993 4356 ebensowohl
1011 4296 1082 4351 auch
1098 4313 1148 4349 vor
1166 4296 1229 4351 dem

20 4445 22 4451 ,
102 4366 199 4460 letus)
216 4416 271 4453 nur
287 4396 437 4454 vereinzelt
454 4398 541 4452 durch
553 4396 677 4468 etwaige
695 4397 762 4475 gnte
779 4391 999 4448 Emendationeu
1015 4389 1195 4460 behaupten.]
