2984 5010
257 352 318 413 114
522 353 614 412 itanu
641 365 703 410 nnc
727 366 850 412 11111111
872 365 938 413 nus
961 364 1127 413 ussurus.

254 519 464 601 Camerarius,
489 520 566 582 aber
587 516 669 582 doch
690 518 734 581 ist
756 540 789 582 es
812 518 864 582 ein
887 532 987 582 neuer
1007 517 1134 599 Druck,
1163 516 1219 581 der
1240 517 1396 582 auweileu

253 630 303 693 die
319 628 483 693 Versehen
507 629 562 692 der
583 631 690 692 ersten
706 628 859 713 Ausgabe
881 627 1067 712 berichtigt,
1090 627 1150 690 wie
1166 626 1285 691 Bacch.
1302 626 1346 709 II,
1363 628 1396 710 2,

130 732 134 739 ’
199 742 200 746 ’
252 741 303 803 21.
327 742 362 822 3,
386 739 445 819 48,
469 739 615 823 haufiger
637 760 719 803 neue
740 737 929 822 binzufiigt,
953 738 1014 802 wie
1036 737 1062 820 l,
1090 739 1117 819 l,
1144 737 1194 801 12.
1217 737 1270 801 48.
1294 736 1395 820 11,2,

254 850 302 913 10.
330 850 379 912 14.
403 849 462 932 ΠΙ,
486 850 517 932 5,
540 849 570 913 2.
596 848 653 931 IV,
675 849 705 930 9,
731 850 803 931 131,
826 851 995 921 wonmter,
1010 847 1084 911 sehr
1105 847 1397 911 sinuentstellende

251 963 292 1042 (z.
316 959 355 1022 B.
378 965 525 1024 medicam
548 962 629 1023 statt
650 960 794 1043 mecum),
832 959 883 1023 die
906 959 1010 1041 darm,
1038 958 1111 1022 weil
1134 958 1196 1021 den
1218 957 1395 1042 folgenden

130 1138 137 1147 ,
251 1071 427 1155 Ausgaben
456 1069 511 1133 der
539 1064 743 1134 Fabricische¹
772 1069 837 1133 und
866 1068 958 1133 nicht
985 1070 1041 1133 der
1063 1068 1259 1152 cigentliche
1283 1067 1397 1133 Came-

249 1180 390 1245 rarische
413 1181 495 1244 Text
517 1202 556 1243 zu
579 1179 710 1244 Grunde
739 1180 850 1265 gelegt
871 1180 995 1260 wurde,
1024 1180 1136 1243 weiter
1163 1178 1397 1264 fortgepflanzt

248 1292 378 1356 worden
400 1291 483 1355 sind.

332 1403 384 1467 35.
416 1400 477 1464 Die
499 1404 583 1464 crste
598 1400 854 1485 Wiederholung
875 1400 931 1463 des
947 1400 1394 1465 Camerarius-Fabricischeu

247 1512 365 1577 Teates
397 1513 441 1574 ist
468 1511 519 1575 die
548 1496 702 1595 Ausgabe
729 1510 784 1574 des
807 1510 858 1575 Ic.
883 1510 1114 1593 Sambdcus,
1143 1512 1394 1595 Antverpiae

247 1622 393 1686 01101110.
418 1620 601 1705 Christoph.
625 1620 771 1685 Plautini
797 1622 889 1686 1566.
920 1622 969 1686 12.
1000 1621 1067 1685 Der
1089 1621 1172 1685 Text
1193 1622 1238 1686 ist
1258 1622 1304 1685 im
1327 1623 1394 1686 ein-

247 1733 360 1796 zelnen
383 1754 443 1817 gar
465 1732 556 1796 nicht
581 1731 754 1816 gelindert,
785 1731 868 1794 wohl
897 1733 973 1795 aber
1001 1730 1178 1813 vermehrt,
1208 1732 1269 1796 wie
1292 1732 1392 1797 sehon

151 1830 153 1835 ’
246 1842 302 1905 der
324 1838 409 1906 Titel
437 1843 566 1925 besagt:
604 1850 709 1906 ‘nunc
737 1862 811 1904 vero
839 1842 910 1925 plus
938 1864 1034 1926 quam
1058 1842 1109 1908 CO
1136 1842 1299 1926 versibus,
1338 1845 1393 1928 qui

245 1953 366 2035 passim
389 1951 664 2034 desiderabantur,
689 1974 727 2016 ex
750 1950 821 2015 VV.
840 1950 901 2017 CO.
919 1952 1066 2017 additis'
1096 1952 1244 2017 Dariiber
1266 1953 1394 2037 spricht

246 2062 314 2125 sich
343 2061 519 2126 Sambucus
548 2063 583 2125 in
612 2063 684 2125 dem
713 2061 861 2126 Vorwort
898 2085 941 2126 an
969 2062 1139 2127 Plautinus
1168 2064 1281 2128 weiter
1318 2087 1390 2128 aus:

246 2172 360 2235 ‘Mitto
389 2210 431 2219 —
453 2210 495 2220 —-
523 2173 762 2236 observationes
793 2171 947 2256 quasdam
975 2176 1007 2237 et
1042 2173 1147 2237 varias
1175 2174 1211 2237 in
1238 2173 1392 2238 Plautum

246 2282 284 2345 de
308 2281 529 2366 chirographis
552 2283 776 2347 vetustissimis
805 2286 838 2347 et
859 2283 1030 2367 praecipue
1053 2294 1125 2348 meo'
1145 2283 1201 2347 illo
1223 2279 1287 2368 quo
1309 2284 1393 2348 Iovi-

246 2415 326 2456 anus
349 2392 514 2457 Fontanus
538 2397 587 2457 est
608 2415 699 2475 usus,
732 2394 882 2456 collectas
911 2394 1101 2477 scripturas,
1126 2395 1268 2478 adeoque
1291 2396 1392 2458 etiam

245 2502 330 2566 ultra
352 2525 462 2587 omnes
486 2504 620 2568 aliorum
648 2504 804 2568 editiones
834 2503 874 2566 ad
895 2506 1057 2568 trecentos
1079 2527 1182 2588 paene
1204 2526 1316 2568 versus
1339 2506 1391 2569 de-

244 2613 410 2693 sideratos,
434 2636 512 2696 quos
534 2637 605 2677 meo
629 2617 661 2677 et
682 2613 810 2696 publico
832 2613 962 2677 meliore
984 2614 1053 2677 fato
1075 2616 1250 2698 reperi.'⁶¹)
1296 2615 1391 2680 Nach

177 2739 226 2786 000
244 2744 386 2806 genauer
402 2723 552 2808 Zshlung
573 2724 630 2787 hat
646 2723 823 2788 Sambucus
846 2746 903 2787 aus
919 2724 991 2787 dem
1009 2723 1124 2808 (lodex,
1149 2747 1211 2789 von
1234 2725 1391 2790 welchem

243 2889 444 2910 ψ’-Γ

310 2991 353 3053 61)
372 2986 410 3040 Er
427 2987 504 3041 111111
521 2988 589 3040 fort:
609 2985 702 3050 ‘Quae
719 2985 748 3039 in
761 2986 934 3055 marginibus
947 2987 1044 3054 adieci,
1062 2987 1160 3042 lectori
1179 2988 1254 3055 quod
1266 2990 1390 3059 'probius

243 3080 383 3134 videbitur
401 3082 430 3134 01
448 3081 484 3134 01
501 3097 630 3135 numeros
648 3079 753 3148 aptius,
772 3079 891 3149 deliget,
919 3079 1052 3135 indicium
1076 3081 1206 3136 cohibere
1224 3082 1285 3152 ipse
1302 3083 1387 3137 volui.

243 3173 355 3226 Ceteros
373 3189 439 3226 vero
459 3173 558 3240 quibus
576 3173 682 3243 passim
699 3173 812 3226 lacunas
832 3173 860 3226 01
882 3190 970 3227 vacua
992 3176 1146 3243 notataque
1169 3176 1306 3231 asterisco
1324 3179 1390 3231 loca

242 3266 379 3335 supplevi,
411 3266 452 3319 uti
473 3266 566 3320 inveni
584 3267 714 3336 scriptos,
744 3266 785 3320 itu
803 3265 870 3329 010,
894 3267 983 3321 multa
1001 3267 1060 3323 sine
1077 3267 1186 3322 ratione
1204 3287 1388 3326 numerorum

241 3361 340 3413 Plauto
370 3359 549 3413 usitatorum:
581 3361 654 3427 quod
677 3359 775 3413 vitium
797 3359 976 3414 librariorum
998 3361 1171 3431 negligentia
1192 3362 1257 3416 huic
1277 3365 1307 3417 et
1323 3363 1388 3417 aliis

241 3453 342 3506 accidit
361 3452 556 3523 scriptoribus:
588 3454 635 3522 qui
656 3456 756 3523 poetas
780 3454 887 3508 solutae
906 3454 1040 3509 orationis
1058 3472 1091 3509 ac
1108 3457 1262 3525 perpetuae
1280 3456 1310 3509 in
1327 3474 1387 3511 mo·

242 3546 307 3598 dum
326 3546 530 3602 describebant.
568 3549 608 3600 Ac
626 3546 738 3613 quidem
756 3547 796 3601 ita
814 3547 897 3602 edere
916 3546 1009 3614 malui,
1027 3548 1187 3616 utquisque
1205 3549 1234 3602 iu
1253 3568 1387 3605 numeros

240 3639 298 3708 ipse
318 3643 414 3709 cogat,
438 3658 523 3707 quam
546 3641 577 3692 ut
594 3640 651 3692 ulla
668 3656 685 3693 a
702 3657 747 3694 me
764 3640 806 3692 vis
823 3640 868 3695 vel
885 3642 961 3695 fraus
977 3643 1094 3711 propter
1112 3658 1242 3696 numeros
1262 3645 1387 3699 auctoris

238 3732 331 3787 verbis
349 3736 378 3787 et
395 3733 550 3788 sententiae
569 3749 603 3786 ea
620 3732 800 3787 solicitudine
812 3734 898 3789 fieret.
935 3736 976 3789 Ac
997 3735 1124 3790 fortassis
1143 3736 1283 3803 quaedam
1301 3755 1386 3794 eona·

240 3830 284 3880 tus
302 3827 414 3881 fuissem
433 3825 598 3881 coniecturis
616 3825 701 3879 etiam
720 3827 749 3880 et
761 3843 794 3880 ex
805 3827 919 3897 ingenio
936 3829 1091 3895 restituere,
1109 3829 1163 3882 nisi
1180 3831 1212 3883 tu
1230 3830 1386 3887 editionem

239 3921 363 3988 arsisses,
383 3923 467 3989 atque
486 3937 539 3988 ego
556 3919 586 3971 in
603 3920 647 3972 tot
665 3920 892 3991 occupationibus
909 3920 1009 3976 nudius
1027 3923 1126 3977 tertius
1143 3954 1176 3962 -
1188 3955 1221 3962 -
1240 3925 1275 3979 de
1293 3927 1385 3994 patria

238 4015 294 4068 mei
312 4015 390 4069 obitu
408 4014 539 4068 nuncium
558 4013 748 4083 accepissem’
783 4015 840 4068 Der
858 4013 968 4069 Schluss
986 4015 1036 4070 ist:
1057 4016 1146 4071 ‘Satis
1165 4020 1209 4071 est
1225 4035 1271 4072 me
1289 4019 1384 4074 adhuc

238 4108 377 4162 asteriscis
394 4111 505 4170 tanturn
522 4110 620 4162 notata
637 4107 729 4162 verbis
747 4108 839 4162 Plauti
856 4109 977 4178 propriis
994 4111 1057 4164 loca
1075 4111 1260 4181 supplevisse,
1280 4115 1311 4165 et
1328 4115 1383 4167 tre·

238 4204 333 4255 centas
350 4219 438 4271 paene
450 4203 539 4256 lineas
557 4218 590 4254 ex
608 4201 802 4254 vetustissimis
815 4219 848 4256 ac
863 4201 953 4270 dignis
972 4203 1026 4257 fide
1044 4203 1187 4258 codicibus
1204 4205 1380 4275 produxisse.

238 4296 289 4346 etc.
303 4302 340 4348 10.
360 4295 475 4350 Kalend.
488 4292 628 4363 Septemb.
640 4293 914 4361 MDLXVNienna’,
924 4297 976 4351 mit
986 4297 1119 4351 welchem
1128 4298 1233 4353 Datum
1246 4300 1296 4353 das
1307 4300 1380 4354 oben

239 4386 278 4456 [p.
292 4387 337 4456 28]
357 4388 427 4442 liber
445 4388 489 4441 die
503 4385 617 4439 Wiener
634 4385 814 4441 Handschrilt
830 4389 1030 4459 beigebrachte
1049 4410 1082 4445 zu
1099 4392 1278 4463 vergleichen
1295 4394 1345 4451 ist.
