2946 5010
440 292 713 341 snuunnnnouus
737 291 970 341 MERGATORIS.
1023 355 1028 364 „
1218 276 1282 341 403

137 452 231 509 descll
251 444 382 508 admisit
410 448 442 508 et
469 466 588 530 magno
615 468 747 511 numero
771 446 948 530 composita
969 445 1118 530 probavit
1140 451 1283 511 obardes·

135 578 206 621 cere
228 562 406 620 obarescere
421 561 612 621 obalresccre
626 563 833 623 obbrutescere
852 563 1050 622 occallescere
1065 561 1284 622 obdormiscere

136 673 334 733 obdurescere
365 672 579 732 obbaerescere
606 674 839 748 oblanpuescere
866 673 1038 733 oblitesccre
1070 674 1203 734 obliuisci
1234 674 1282 734 ob·

136 799 325 844 marcescere
352 784 554 844 obmutescere
575 786 782 860 oppallescere
810 785 997 857 obrlpescere
1025 784 1208 845 obsolescere
1235 785 1282 844 ob·
1351 788 1353 795 ’

135 896 311 955 sordescere
340 896 546 970 obstupescere
574 896 785 955 obsurdescere
818 895 1028 970 obtorpesccre
1060 896 1281 970 obturpescere.

136 1001 256 1077 Quodsi
279 981 336 1085 qui
356 1005 412 1066 aut
433 1001 642 1065 obdurescere
665 1005 760 1086 atquc
783 1001 861 1066 adeo
891 1001 1102 1083 occallescere
1125 1001 1164 1065 ad
1186 1001 1283 1066 ratio·

136 1134 229 1196 nem,
265 1112 315 1176 cui
344 1133 438 1176 onere
465 1133 607 1177 arescere
634 1134 701 1177 non
729 1113 835 1198 magis
862 1134 958 1197 quam
991 1134 1106 1178 scncre·
1129 1133 1284 1178 senescere

136 1226 331 1308 repugnant,
355 1222 473 1288 autad
497 1223 691 1289 coniectaria
714 1225 858 1308 quamvis
880 1224 993 1288 timido
1016 1224 1096 1309 pede
1116 1223 1283 1288 obhaeres·

139 1357 210 1399 cere
234 1335 467 1419 consueverint,
492 1323 576 1399 estc:
599 1358 662 1419 pax
683 1335 776 1399 nobis
798 1334 849 1399 vel
872 1356 944 1398 cum
962 1335 1033 1399 istis
1049 1335 1125 1400 erit:
1148 1335 1283 1400 auctori·

136 1446 199 1509 tati
224 1448 309 1510 certe
331 1468 397 1510 non
420 1446 664 1529 obsurdescent,
689 1447 745 1511 sed
767 1446 989 1510 obmutescent
1010 1446 1199 1531 planissimo
1221 1449 1283 1510 tes·

137 1557 271 1621 timonio
299 1557 381 1642 quod
412 1559 461 1621 est
488 1558 523 1621 in
551 1557 666 1642 glossis
689 1556 874 1621 Philoxeni:
913 1559 1023 1621 ‘anet
1051 1562 1177 1642 γηρᾲ.’
1211 1554 1283 1644 [His

137 1669 172 1731 in
201 1667 286 1732 Diss.
311 1667 340 1731 X
363 1691 394 1752 p.
419 1667 449 1731 V
481 1668 586 1732 addidi
616 1690 697 1753 quac
725 1666 924 1752 sequuntur?
954 1667 1010 1732 ‘In
1038 1667 1283 1753 lexicographos

132 1767 247 1843 'nescio
269 1801 331 1863 quc
353 1801 459 1842 errore
481 1779 622 1863 iniquior
642 1779 689 1842 fui
713 1778 751 1843 de
774 1799 867 1843 anem
888 1779 985 1842 verbo
1008 1778 1185 1862 disputans.
1224 1777 1283 1843 Cui

136 1889 185 1953 illi
218 1893 345 1975 practer
376 1889 534 1975 glossaria
568 1892 666 1954 etiam
698 1891 927 1975 grammaticos
959 1892 1058 1954 testes
1090 1890 1282 1972 asciverunt,

136 2000 285 2064 Flavium
313 2000 451 2085 Oaprum
485 2024 516 2084 p.
541 2001 626 2065 2240
656 2022 728 2065 cum
763 1998 870 2066 soraee
893 2012 960 2066 acet
988 2012 1060 2065 ancl
1083 2009 1175 2081 floret
1203 2005 1284 2064 tabet

134 2117 255 2191 squalet
276 2118 415 2192 splendet
435 2119 515 2191 uipet
536 2123 605 2176 orel
623 2115 771 2192 perfectis
792 2118 945 2193 inceptiva
961 2114 1204 2196 componentem
1219 2132 1283 2174 sor·

136 2228 235 2286 deselt
256 2229 367 2286 acescit
389 2230 504 2287 arescit
523 2229 658 2302 florescit
683 2219 829 2309 [tabescit]
853 2229 1016 2302 squalescit
1037 2226 1220 2302 splendescit
1242 2227 1283 2284 ol·

130 2339 231 2410 pesele
253 2339 382 2415 arescit3
403 2333 479 2397 item
497 2333 686 2418 Pompeium
709 2333 882 2398 commenti
904 2356 935 2417 p.
952 2332 1015 2397 283
1039 2328 1113 2418 [222
1128 2328 1181 2414 K]
1206 2350 1283 2394 aueo

134 2466 211 2508 cum
233 2465 322 2508 senec
344 2446 376 2506 et
398 2450 485 2523 quc‘eo
507 2443 706 2531 sociantem]
