2918 5004
226 327 268 393 46
491 330 585 393 osas
614 344 676 392 nm
699 344 825 392 1<me
847 343 913 393 mas
936 342 1103 394 rasurus.

227 497 422 582 Amphitruo
449 498 510 569 mit
536 499 707 563 besonders
730 477 981 562 ausfdhrlichem
1004 498 1210 565 commentar
1232 497 1376 562 bedaeht

226 630 303 692 war,
327 631 362 672 so
384 607 475 672 stehe
498 607 551 672 ich
573 607 665 672 nicht
687 631 730 672 an
751 608 983 694 voraugsweise
1004 630 1067 672 von
1090 607 1275 672 demselben
1291 608 1377 672 auch

227 719 278 782 die
301 719 436 782 ‘multas
459 718 656 782 additiones’
686 741 726 782 zu
747 718 932 805 ierstehen,
962 718 1013 782 die
1040 718 1098 781 auf
1117 719 1189 782 dem
1212 718 1298 782 Titel
1320 739 1377 802 ge·
1430 730 1434 735 “

227 828 337 892 rithmi
358 829 496 893 werden.
541 827 585 892 Es
614 829 723 893 wdrde
752 829 819 893 dies
847 829 974 893 keinem
999 828 1129 892 Zweifel
1158 828 1377 912 unterliegen,

227 961 323 1003 wenn
346 960 378 1002 es
400 937 547 1002 wirklich
570 937 661 1001 wahr
682 944 779 1021 wire,
803 961 870 1002 was
893 939 939 1003 als
962 940 1016 1004 ein
1037 939 1288 1004 unantastbares
1310 936 1377 1002 Re-

228 1048 327 1113 sultat
349 1049 405 1112 der
427 1047 681 1113 Niebuhr'schen
703 1028 926 1133 Abhandlung
948 1049 994 1134 (p.
1021 1049 1095 1134 177)
1118 1071 1182 1112 von
1203 1047 1379 1112 manchem

228 1157 416 1223 wiederholt
430 1159 559 1223 worden
580 1159 633 1243 ist,
657 1159 730 1222 dass
751 1158 821 1223 sich
835 1158 1027 1223 Hermolaus
1043 1155 1205 1224 Barbarus
1220 1158 1255 1221 in
1270 1158 1378 1222 einem

228 1268 338 1333 Briefe
360 1269 461 1333 selbst
483 1270 531 1334 als
554 1270 615 1333 den
637 1268 807 1333 Verfasser
835 1270 891 1333 der
912 1268 1058 1333 falschen
1082 1268 1207 1333 Scenen
1229 1268 1275 1332 im
1296 1269 1378 1331 Am-

228 1379 358 1462 phitruo
373 1379 529 1444 belrenne.
568 1379 657 1443 Aber
678 1379 735 1443 das
756 1402 843 1443 muss
865 1402 941 1444 man
964 1378 1161 1443 zwischen
1184 1378 1248 1459 den
1264 1378 1378 1442 Zeilen

229 1490 359 1573 gelesen
386 1489 509 1572 haben3
540 1490 580 1553 in
608 1489 707 1554 ihnen
737 1489 823 1553 steht
850 1491 1047 1574 wenigstens
1075 1489 1110 1553 iu
1137 1489 1194 1552 der
1221 1488 1379 1573 Ausgabe

229 1600 285 1663 der
306 1599 561 1663 Politianischen
583 1597 706 1682 Briefe,
737 1599 787 1664 die
814 1600 876 1663 mir
898 1623 954 1665 zur
976 1600 1073 1664 Hand
1095 1600 1153 1682 ist,
1182 1599 1260 1663 kein
1281 1598 1381 1663 Wort

229 1731 301 1773 vom
323 1708 532 1793 Amphitruo,
562 1709 702 1774 sondern
729 1709 836 1774 nichts
858 1711 984 1794 weiter,
1015 1709 1061 1775 als
1089 1710 1162 1774 dass
1184 1709 1380 1774 Hermolaus

229 1819 282 1882 fiir
308 1820 423 1903 irgend
452 1820 540 1883 eines
567 1819 623 1884 der
651 1819 882 1885 ldckenhaften
910 1820 1028 1886 Stucke
1057 1821 1111 1884 des
1139 1820 1275 1884 Plautus
1306 1820 1380 1883 eine

163 1944 211 1992 192
229 1929 402 1993 metrische
429 1929 631 2015 Erginzung
664 1930 884 2015 geschrieben.
899 1930 940 2015 ²⁵)
994 1931 1059 1995 sur
1091 1931 1153 1995 den
1182 1929 1381 2015 Amphitruo

298 2138 341 2201 25)
368 2133 463 2187 Damit
480 2132 526 2187 ein
539 2133 621 2202 jeder
644 2133 731 2187 selbst
749 2133 886 2190 urtheilen
904 2134 1007 2202 kdnne,
1028 2135 1102 2188 setae
1123 2132 1169 2187 ich
1191 2132 1246 2187 den
1268 2149 1380 2202 ganaen

229 2226 308 2280 Brief
321 2226 386 2292 Xll,
405 2232 437 2280 25
464 2243 513 2280 aus
535 2227 606 2295 Aug.
626 2226 758 2281 Politiani
776 2228 880 2297 Opera,
906 2226 1035 2297 Lugduni
1059 2244 1105 2296 ap.
1129 2224 1192 2281 Seb.
1218 2226 1379 2296 Gryphium

231 2326 310 2386 1536,
328 2322 347 2373 t.
368 2320 380 2373 Ι
398 2338 425 2389 p.
445 2326 495 2374 419
513 2319 637 2373 hierher:
665 2319 844 2375 ‘Hermolaus
862 2320 1003 2374 Barbarus
1020 2319 1059 2375 M.
1077 2318 1295 2389 L.·Phosphoro
1314 2320 1379 2390 spi-

229 2428 313 2482 scopo
327 2412 442 2481 Signino
456 2412 482 2466 S.
508 2411 588 2477 Quod
600 2414 631 2466 tu
644 2413 836 2469 Octonariclos
855 2430 932 2468 meos
949 2413 1059 2483 probes,
1078 2412 1218 2467 amicitiae
1237 2414 1289 2479 est,
1303 2412 1380 2481 quod

229 2506 285 2572 alii,
304 2505 458 2560 felicitatis:
477 2506 552 2575 quod
570 2506 607 2561 ad
619 2522 667 2560 eos
685 2507 782 2576 populi
795 2522 945 2562 concursus
957 2507 1015 2572 fiat,
1033 2505 1137 2575 partim
1153 2505 1254 2573 laetor,
1271 2507 1380 2576 partim
1396 2526 1398 2528 ·

229 2598 322 2654 doleo:
342 2600 470 2665 alterum,
489 2601 520 2653 ut
537 2598 672 2654 adeuntes
690 2599 841 2654 acmulatio
860 2602 990 2655 exacuat:
1020 2599 1152 2665 alterum,
1171 2599 1239 2668 quia
1255 2598 1320 2653 iore
1339 2599 1379 2652 vi-

229 2693 281 2746 deo
300 2694 331 2745 ut
349 2693 429 2746 multi
446 2710 491 2746 me
510 2693 632 2760 rideant,
654 2693 734 2763 quasi
757 2695 806 2748 aut
823 2711 887 2748 cum
904 2694 1004 2747 Plauto
1023 2697 1131 2748 certare
1150 2691 1257 2746 salibus
1276 2696 1306 2746 et
1325 2693 1380 2747 clo·

230 2785 345 2852 quentia
367 2785 512 2851 voluerim,
540 2789 589 2839 aut
614 2803 675 2840 rem
692 2786 821 2841 Latinam
845 2785 1022 2856 supposititio
1046 2785 1168 2857 quodam
1190 2788 1278 2855 partu
1301 2786 1380 2840 velut

230 2877 354 2931 auctario
371 2877 467 2932 iuvare
486 2877 679 2947 cogitaverim,
708 2896 758 2933 ceu
774 2896 831 2933 non
848 2880 937 2934 multo
955 2878 1052 2932 melius
1070 2878 1118 2944 sit,
1137 2878 1299 2933 comoedias
1318 2880 1377 2932 eius

229 2972 330 3039 poetae
349 2970 493 3025 ambustae
511 2973 540 3025 et
557 2972 700 3027 mutilatas
719 2973 901 3039 circumferri,
920 2990 1004 3040 quam
1023 2971 1234 3026 reconcinnatas
1251 2971 1376 3041 interpo-

230 3063 357 3130 latasquc
375 3064 410 3118 do
427 3081 503 3131 meo,
533 3080 589 3119 non
607 3083 684 3120 secus
702 3066 834 3133 Hercule,
857 3083 942 3135 quam
960 3066 1007 3134 qui
1026 3067 1134 3119 statuas
1152 3065 1262 3134 antiqui
1283 3066 1376 3135 operis

231 3156 289 3211 sine
309 3156 400 3226 capite
418 3162 468 3211 aut
484 3159 602 3228 pedibus
614 3159 741 3214 inventas
757 3159 885 3215 reficiunt
902 3158 1150 3228 ferruminantque,
1168 3173 1260 3226 neque
1279 3159 1377 3213 vident

229 3250 318 3304 multo
340 3249 431 3305 minus
454 3251 494 3305 sic
515 3252 640 3322 integras
666 3253 778 3322 placere
805 3270 890 3321 quam
916 3262 1037 3306 truncas.
1078 3253 1116 3306 At
1143 3250 1229 3318 enim
1256 3250 1376 3321 inquies,

229 3344 321 3398 Plauti
338 3343 430 3414 gloria
447 3362 480 3399 ex
499 3347 706 3415 comparatione
725 3348 837 3402 crescet.
868 3346 901 3399 Id
919 3348 998 3401 curat
1015 3345 1121 3400 scilicet
1138 3343 1375 3400 eminentissimus

229 3440 322 3504 poeta,
341 3438 388 3507 qui
406 3440 450 3492 tot
467 3439 566 3493 seculis
584 3440 612 3492 in
630 3456 759 3510 supremo
773 3439 860 3506 stetit,
879 3439 909 3492 in
922 3439 1162 3509 comparationem
1173 3439 1259 3493 modo
1272 3439 1378 3505 veniat,

230 3531 258 3583 in
278 3529 403 3585 ordinem
421 3549 450 3586 se
469 3532 532 3601 cogi
550 3535 579 3586 et
597 3533 707 3602 vulgari
726 3533 836 3587 sentiat.
863 3532 975 3601 Alioqui
994 3532 1129 3587 stultitiae
1146 3533 1307 3602 proximum
1326 3535 1379 3597 est,

229 3619 262 3677 ut
280 3623 387 3678 alienae
406 3626 497 3680 famae
517 3626 667 3691 consulam,
686 3641 750 3680 meo
767 3625 855 3695 ipsius
872 3625 978 3680 nomini
997 3626 1116 3681 officere.
1153 3624 1209 3679 Sed
1227 3624 1251 3678 si
1270 3626 1323 3679 hoc
1342 3625 1379 3678 vi·

231 3718 343 3784 dabam,
361 3735 409 3772 cur
426 3734 482 3773 non
500 3708 656 3788 temperavi
674 3718 868 3774 ascribendo?
892 3720 1039 3788 Ingenium
1056 3720 1099 3786 (ut
1115 3719 1157 3788 fit)
1176 3719 1297 3774 exercui
1321 3719 1379 3772 Nec

229 3811 339 3866 ineam
362 3829 422 3867 rem
445 3812 497 3878 (ita
519 3812 587 3866 mihi
604 3829 701 3867 manes
718 3812 841 3867 Plautini
862 3830 919 3867 non
941 3813 1108 3881 nascantur)
1132 3812 1253 3883 amplius
1277 3811 1381 3882 sesqui-

230 3904 301 3959 hora
318 3906 475 3976 impensum
498 3909 552 3973 est,
579 3905 629 3959 sed
646 3923 697 3960 nec
715 3905 854 3961 edendmn
871 3905 900 3958 id
918 3907 1024 3975 putavi,
1041 3924 1094 3962 nec
1112 3907 1219 3962 editum
1236 3907 1322 3973 volo,
1349 3911 1380 3960 tu

230 4014 274 4050 mc
291 3998 378 4053 invito
396 3999 646 4066 reclamitenteqne
665 3999 856 4072 subinvolasti.
893 3999 999 4054 Vitium
1016 4016 1073 4053 non
1092 4004 1135 4054 est
1152 4001 1287 4068 scribere,
1308 4018 1379 4069 quae

231 4091 336 4160 scripta
362 4109 418 4145 non
440 4093 566 4161 placent,
593 4092 642 4148 sed
665 4093 806 4147 emittere:
835 4109 887 4147 nec
908 4093 985 4147 fama
1007 4093 1155 4148 scribentis
1178 4093 1275 4163 agitur
1297 4094 1327 4148 in
1347 4112 1403 4148 ec>

232 4185 307 4252 quod
325 4185 434 4251 scribit,
458 4186 554 4239 sedin
572 4203 605 4241 eo
624 4186 699 4255 quod
716 4187 833 4255 probat:
863 4186 960 4256 scripsi
981 4187 1086 4254 fateor,
1110 4204 1167 4241 non
1184 4188 1319 4257 probavi:
1350 4192 1424 4241 ti·

231 4279 372 4347 probasti,
399 4295 454 4332 non
477 4279 624 4348 scripsisti:
652 4283 702 4334 tua
723 4297 767 4333 res
795 4280 889 4349 agitur
911 4297 968 4336 non
989 4298 1066 4335 mea:
1102 4281 1128 4334 si
1152 4280 1307 4335 fabulam
1326 4281 1418 4335 edi

233 4371 337 4436 voles,
366 4375 502 4439 pensate
525 4373 567 4424 ius
590 4375 619 4424 ct
641 4375 768 4441 potestas
791 4373 849 4427 eius
872 4375 911 4427 rei
933 4376 996 4428 tota
1018 4376 1086 4429 esto.
1125 4376 1302 4443 Itaqueiam
1321 4393 1407 4431 non
