2866 5010
412 342 588 392 Paosonlu
612 342 683 391 VON
706 335 906 389 Ahrsaws,
1166 325 1227 390 667

81 498 117 564 in
139 496 195 562 illo
215 519 325 562 versu:
349 503 400 562 Ex
422 504 493 562 uitio
516 503 644 562 alterius
666 504 788 577 sapiens
809 503 948 562 emendor
968 517 1064 562 suum.
1103 495 1152 560 De
1167 518 1229 581 quo

83 630 274 694 quamquam
296 607 412 692 duplex
440 608 494 672 via
515 611 607 693 patet
627 607 805 674 iudicandi:
837 607 940 693 possit
960 608 1047 671 enim
1068 607 1228 695 quispiam

81 720 312 804 huncquoque
334 741 459 785 versum
481 720 515 786 in
537 719 779 787 subditiciorum
800 740 932 785 numero
954 718 1089 784 habere:
1118 722 1228 785 tamen

81 831 234 919 quoniam
256 831 297 897 ad
318 832 383 896 tres
405 830 477 896 illos
493 831 751 897 condemnandos
765 852 919 917 magnam
934 829 1000 895 vim
1014 830 1133 897 habere
1149 830 1228 894 exis-

81 942 266 1009 timavimus
298 941 397 1008 libros
425 939 649 1026 Bentleianos,
685 945 722 1006 ut
749 942 910 1006 nobismet
936 941 999 1026 ipsi
1036 943 1226 1025 constemus,

82 1053 255 1151 eorundem
270 1053 461 1120 auctoritate
475 1052 561 1117 hunc
576 1053 762 1138 tutabimur,
786 1053 834 1120 ita
848 1056 969 1135 tamen,
992 1054 1109 1118 utnon
1124 1052 1228 1138 magis

81 1186 218 1231 vacuum
241 1165 467 1248 depravatione
490 1165 597 1253 aliqua
618 1166 771 1231 ducamus
787 1186 882 1249 quam
905 1164 1041 1230 alterum
1063 1163 1152 1227 illum
1173 1163 1228 1248 qui
1260 1228 1263 1231 ,

83 1278 248 1360 comparet
278 1276 314 1342 in
348 1275 508 1340 codicibus
536 1273 674 1341 Bentlei.
741 1275 888 1362 Namque
921 1275 967 1339 sie
997 1274 1120 1339 exstitit
1153 1274 1226 1339 olim

87 1387 259 1474 scriptum,
283 1389 319 1452 ut
341 1386 487 1471 equidem
509 1385 661 1452 arbitror:

236 1528 281 1588 Ex
303 1529 379 1589 vitio
403 1530 502 1588 alius
525 1530 644 1606 sapiens
666 1531 805 1590 emendat
828 1549 925 1589 suum.

81 1660 281 1725 Indicativus
304 1659 390 1725 enim
412 1667 551 1726 emendat
574 1682 646 1725 eum
668 1662 708 1726 ab
730 1662 903 1726 memoriae
925 1661 987 1726 fide
1004 1658 1228 1749 praestabilior

82 1770 287 1835 coniunctivo
310 1772 369 1855 est,
392 1772 447 1856 qui
470 1771 553 1855 apud
582 1794 683 1836 unum
704 1772 877 1837 Erasmum
903 1772 1038 1856 legitur,
1066 1772 1135 1833 tum
1157 1789 1228 1832 sen-

82 1881 206 1946 tentiae
232 1881 392 1966 gravitate
428 1882 677 1947 commendatur.
733 1883 795 1947 Est
827 1885 935 1947 autem
968 1880 1022 1944 ille
1055 1878 1228 1944 versiculus
1246 1905 1286 1953 20

82 1992 194 2057 eodem
216 1976 453 2077 depravationis
476 2013 594 2076 genere
610 1994 752 2077 affectus,
776 2016 839 2079 quo
855 1992 953 2057 alium
968 1990 1127 2076 quendam
1147 1990 1228 2053 eius-

82 2101 156 2168 dem
187 2105 300 2188 poetae
336 2102 420 2186 apud
449 2102 605 2167 Senecam
631 2103 736 2187 Epist.
766 2090 887 2186 xV‚2
916 2103 986 2189 (94)
1016 2105 1036 2182 ξ
1064 2102 1105 2164 43
1137 2097 1226 2186 [item

82 2212 169 2296 apud
190 2212 395 2277 Lactantium
420 2212 502 2278 Inst.
526 2213 588 2279 div.
611 2212 643 2297 I,
670 2213 719 2297 16,
745 2214 798 2279 10:
828 2213 862 2277 in
889 2211 1060 2279 Ribbeckii
1090 2208 1226 2277 Cornicis

82 2345 115 2409 p.
142 2324 203 2388 110
224 2325 256 2387 et
277 2321 371 2408 26ης

235 2465 283 2524 Α1)
307 2465 383 2524 alio
405 2467 575 2542 exspectem
595 2467 682 2525 tlteri
705 2467 786 2543 quod
809 2466 932 2537 feceriS,

84 2598 304 2680 corruperunt,
329 2596 392 2686 qui,
417 2598 498 2681 quod
523 2598 555 2662 in
572 2597 763 2685 quibusdam
779 2597 1012 2682 exemplaribus
1034 2595 1161 2680 legitur,
1186 2600 1224 2659 ab

82 2715 181 2773 altero
198 2745 246 2790 -,
270 2711 461 2794 receperunt
481 2708 527 2773 sic
550 2707 756 2773 conciliatum
778 2729 850 2773 cum
871 2719 1014 2788 exspecta
1038 2705 1227 2789 imperativo

82 2820 207 2883 suomet
222 2817 354 2883 arbitrio
369 2818 511 2886 invecto:
535 2824 579 2884 Ab
594 2823 691 2884 dltero
712 2830 866 2900 exspecta,
891 2822 982 2884 dlteri
994 2823 1077 2898 quod
1093 2819 1226 2897 se'cerim

81 2928 115 2993 id
138 2928 222 3015 quod
243 2951 357 3014 parum
380 2929 578 2996 considerate
601 2929 736 2995 Bethius
757 2929 950 3018 instituit.*)

956 2934 962 2946 Ι

956 3000 962 3014 Δ

497 3429 499 3436 .
612 3378 706 3470 aas)

171 3558 425 3643 .O...bgleieh
447 3559 480 3624 in
496 3559 719 3625 Einzelheiten
743 3561 943 3647 einzugehen
965 3562 1035 3626 hier
1056 3559 1149 3625 nieht
1170 3559 1226 3622 der
1244 3573 1294 3623 444

85 3670 148 3734 Ort
162 3670 232 3734 sein
254 3669 355 3754 kann,
379 3692 415 3736 so
429 3671 473 3737 sei
491 3693 523 3738 es
539 3670 620 3736 doeh
636 3670 708 3738 dem
723 3671 796 3738 Ref.
813 3674 969 3759 gestattet
990 3672 1085 3737 einen
1107 3669 1227 3736 sowohl

151 3928 175 3994 ⁸)
193 3925 294 3980 ‘Obliti
311 3944 405 3981 sumus
422 3925 596 3981 Prisciani
612 3927 700 3981 verba
710 3926 750 3980 Vl
761 3944 789 3997 p.
803 3931 853 3981 695
864 3927 908 3980 P.:
927 3927 975 3980 «et
991 3926 1133 3993 sciendum
1151 3927 1227 3994 quod

82 4018 112 4073 in
131 4023 176 4077 ius
194 4019 404 4074 terminantium
423 4020 567 4089 genetivus
583 4020 714 4091 producit
730 4019 931 4090 paenultimam
949 4062 954 4075 .
970 4063 996 4075 ..
1019 4021 1135 4088 excepto
1153 4023 1228 4078 aller

82 4115 223 4173 ulterius»
245 4113 274 4167 iu
297 4129 359 4168 cam
381 4115 492 4183 partem
513 4113 704 4184 interpretari,
728 4116 760 4168 ut
777 4131 843 4168 suae
861 4114 962 4168 aetatis
979 4129 1097 4184 pravam
1115 4129 1228 4168 consue-

82 4206 210 4261 tudinem
223 4207 417 4262 commendare
430 4207 645 4276 grammaticum
658 4215 850 4262 censeremus)
862 4235 897 4245 —
910 4207 1225 4278 [ExAddendicp.‹14,]

151 4302 192 4367 ”)
212 4300 282 4371 [Ans
301 4300 351 4354 der
369 4299 551 4368 (Hallischen)
574 4301 646 4370 Allg.
665 4299 843 4369 Lit.Zeitung
868 4305 931 4356 1833
954 4300 1023 4354 Nov.
1046 4319 1073 4369 p.
1091 4306 1227 4357 eri—450

82 4390 216 4464 (Anzeige
234 4408 289 4448 von
308 4393 340 4451 G.
358 4393 379 4447 I.
398 4392 490 4450 Vossii
506 4394 684 4451 Aristarchus
702 4393 744 4450 ed.
764 4397 793 4449 C.
812 4393 938 4452 Fbrtseh.
967 4394 1036 4452 Pars
1055 4395 1098 4468 I).]
