2946 5010
208 301 272 365 406
521 320 568 368 ma
590 319 807 367 saevusuro
830 316 1051 366 scaosmcno

209 485 295 548 inter
316 480 389 544 illos
410 475 508 542 medii
529 473 700 556 habentur,
735 472 840 556 specie
863 475 989 536 tantum
1011 473 1200 557 incorrupti.
1245 473 1356 559 Neque

211 593 298 658 enirn
318 590 420 654 latine
443 588 505 653 dici
516 592 667 666 parietem
690 593 726 648 ire
749 588 864 649 duetus
887 589 1012 648 aeditus
1026 604 1211 649 communem
1234 587 1357 670 pridem

211 703 418 789 perspexerat
450 697 618 782 Scioppius
651 695 744 780 Susp.
777 695 851 759 leot.
876 694 917 778 V,
942 695 980 778 t,
1010 695 1089 779 quin
1121 695 1187 760 iam
1220 698 1357 763 sensisse

211 813 348 898 Pylades
370 810 505 891 videtur,
529 808 582 893 qui
605 810 727 871 veteres
750 806 825 871 inde
848 806 1026 890 aprincipe
1042 806 1198 872 editiones
1219 809 1358 893 itemque

210 923 354 990 novicios
382 921 506 986 codices
540 921 684 1001 secutus,
717 908 888 1001 inquibus
922 919 970 980 est
991 938 1174 983 communem
1196 941 1282 984 suem
1299 942 1358 1001 pe-

211 1043 315 1101 rictem
347 1039 395 1111 in,
428 1031 515 1095 hunc
542 1049 669 1094 versum
697 1028 839 1092 effinxit:
879 1033 1008 1093 Geminis
1039 1050 1224 1095 communem
1254 1040 1358 1110 puric-

211 1159 269 1212 tem
302 1166 388 1210 suam
423 1147 560 1208 aeditus.
604 1139 684 1206 Cum
707 1138 857 1235 Scioppio
880 1138 1005 1204 hiatum
1037 1141 1073 1205 in
1105 1143 1180 1206 sinu
1212 1144 1359 1210 foventes

212 1255 348 1321 Bothius
370 1258 403 1319 et
417 1252 637 1318 Paenultimus
657 1238 795 1337 editor*)
819 1250 923 1315 deleta
944 1253 1181 1336 praepositione
1203 1254 1360 1321 latinitati

213 1348 298 1433 certe
314 1364 552 1447 consuluerunt,
575 1363 629 1426 ille
644 1361 771 1448 quidem
785 1362 821 1426 in
835 1362 1020 1446 nuperrima
1035 1362 1174 1428 editione
1191 1365 1238 1430 sic
1253 1367 1360 1431 verbis

212 1483 331 1544 temere
363 1475 568 1560 transpositis
602 1477 726 1538 cedibus
757 1480 835 1538 clam
863 1481 1024 1568 parietem.
1070 1473 1212 1540 Vltimus
1240 1480 1359 1562 autem,

213 1590 369 1675 quotquot
400 1587 547 1668 fuerunt,
582 1584 795 1671 editorum**)
824 1583 901 1668 quid
928 1570 1045 1648 mirum
1072 1585 1099 1649 si
1127 1585 1223 1671 talia,
1254 1589 1361 1673 qualia

213 1704 290 1765 sunt
317 1696 563 1783 praepositionis
590 1695 641 1760 vel
667 1695 796 1760 omissio
818 1694 869 1758 vel
894 1695 1010 1778 positio
1037 1698 1070 1759 et
1096 1696 1129 1760 id
1151 1720 1255 1783 genus
1280 1700 1361 1765 aliae

214 1810 386 1892 minutiae,
415 1807 546 1870 minime
569 1806 609 1869 ad
632 1827 665 1870 se
689 1806 825 1871 attinere
848 1805 1023 1870 arbitratus
1051 1807 1230 1873 tralaticias
1254 1811 1361 1875 sordes

215 1920 355 1986 studiose
370 1919 475 1982 dicam
497 1939 539 1981 an
562 1917 706 2002 segniter
720 1915 934 2002 propagavit?
961 1916 1066 1982 Versu
1087 1921 1194 1983 autem
1216 1924 1362 2004 proximo

215 2031 290 2117 quid
312 2029 443 2094 tandem
466 2050 534 2093 esse
556 2034 648 2093 licere
670 2039 704 2093 ut
725 2035 824 2108 quiret
852 2027 1017 2092 dicamus?
1048 2034 1207 2115 Naturae,
1232 2033 1280 2097 ait
1303 2032 1362 2097 Bo-
1424 2090 1425 2096 ,

215 2143 316 2225 thius,
343 2146 467 2222 phrasis
495 2145 599 2204 ‘licere
622 2151 653 2203 ut
675 2146 773 2219 quiret
780 2147 806 2203 ':
833 2145 1032 2204 namtarum
1060 2146 1211 2207 alterutro
1233 2147 1365 2223 desunqi

214 2261 347 2334 scriptor
368 2262 504 2332 poterat.
550 2252 600 2314 Ac
627 2248 770 2313 notanda
797 2248 854 2312 illa
876 2253 925 2313 est
947 2272 1039 2333 sanc,
1070 2252 1125 2316 sed
1152 2257 1189 2317 ut
1211 2275 1361 2338 perversa

216 2368 248 2429 ct
270 2385 287 2428 e
309 2385 372 2448 qua
393 2384 507 2427 sanam
534 2361 699 2425 notionem
721 2359 810 2423 nullo
837 2361 1072 2444 interpretandi
1098 2364 1236 2429 artificio
1260 2387 1360 2430 eruas.

104 2551 108 2560 ι
217 2474 360 2540 Offendit
391 2473 426 2537 in
460 2495 497 2537 ea
530 2472 627 2536 etiam
650 2471 815 2535 Aoidalius
849 2470 958 2552 Divin.
985 2472 1020 2536 in
1048 2472 1117 2538 Mil.
1142 2496 1169 2539 c.
1202 2476 1231 2559 1,
1262 2478 1316 2561 qui
1344 2500 1361 2541 a

215 2586 370 2650 librorum
385 2584 543 2668 scriptura
564 2590 670 2647 liceret
690 2583 864 2666 profectus,
887 2605 983 2667 quarn
1004 2606 1071 2649 non
1087 2585 1211 2650 codices
1234 2591 1361 2652 tantum

216 2696 271 2760 sed
298 2696 396 2759 etiam
428 2693 583 2758 editiones
612 2698 688 2758 ante
716 2692 847 2776 Pyladis
875 2692 1063 2759 Brixianam
1094 2718 1205 2762 omnes
1239 2702 1360 2782 tenent,
1452 2706 1454 2709 ’

216 2806 251 2870 in
278 2811 370 2870 licere
397 2807 504 2868 antem
530 2805 648 2868 mutari
675 2803 798 2888 primus
824 2804 961 2868 iusserat
982 2804 1075 2890 Pius,
1098 2810 1267 2892 proposuit
1294 2816 1361 2875 lice·

216 2928 274 2979 ret
296 2927 329 2981 ut
350 2921 414 2995 qui
434 2921 595 2980 convenire
617 2920 795 2979 umentibus.
825 2915 872 2979 At
890 2919 999 2979 tamen
1021 2924 1075 2997 qui
1094 2917 1174 2983 illud
1188 2921 1299 2985 nescio
1321 2944 1360 2985 an

216 3025 280 3089 huc
301 3024 390 3088 nullo
412 3024 505 3088 modo
527 3026 671 3110 quadret,
695 3028 865 3110 propterea
886 3013 1014 3111 quidem
1035 3029 1118 3111 quod
1141 3029 1267 3095 alicui
1289 3053 1360 3096 eon·

217 3135 367 3199 veniendi
389 3134 507 3199 rationi
529 3134 585 3199 illa
606 3137 677 3221 ipsa
690 3141 851 3222 repugnat
866 3137 1043 3201 certissima
1058 3139 1214 3222 perforati
1230 3142 1360 3226 parietis

218 3247 279 3311 via.
325 3244 482 3331 Pinguius
510 3246 608 3311 etiam
630 3246 740 3311 Bothii
767 3247 934 3312 inventum
958 3252 1006 3312 est
1028 3256 1214 3331 liceretque
1238 3276 1272 3317 re
1293 3276 1359 3318 corr·

218 3358 320 3422 venire
345 3362 523 3422 umentibus.
575 3357 671 3424 Sedes
700 3362 807 3422 autem
837 3358 1035 3443 corruptelae
1063 3383 1125 3446 quo
1153 3362 1188 3426 in
1223 3363 1293 3429 loco
1321 3364 1362 3428 sit

218 3467 414 3553 quaerenda,
438 3467 540 3532 Vetus
568 3468 666 3532 codex
693 3467 865 3534 Camerarii
894 3471 1070 3554 monstrat,
1102 3471 1137 3535 in
1171 3495 1235 3557 quo
1268 3496 1362 3558 supra

218 3586 318 3659 quiret
347 3577 502 3662 scriptum
528 3581 577 3641 est
603 3600 668 3643 non
697 3560 819 3643 recenti
841 3601 939 3644 manu
960 3587 1057 3646 coire:
1091 3605 1153 3666 quo
1176 3584 1258 3649 adde
1281 3584 1362 3670 quod

218 3691 328 3754 noster
349 3688 478 3773 quidam
500 3687 581 3752 liber
603 3711 661 3752 ms.
685 3690 720 3754 in
742 3689 874 3754 Etruria
896 3694 1021 3774 emptus
1043 3692 1122 3756 item
1144 3716 1243 3778 supra
1266 3696 1362 3779 scrip·

217 3803 288 3864 turn
309 3802 401 3864 tenet
422 3805 493 3866 iude
514 3821 534 3862 α
556 3806 660 3884 domo,
682 3800 717 3864 in
739 3801 886 3886 margine
914 3805 1020 3866 autern
1047 3804 1187 3887 pdsitum
1215 3815 1299 3872 coire
1324 3818 1361 3868 ct.

219 3909 294 3975 Non
321 3913 428 3994 potest
454 3915 565 3977 nostra
592 3913 754 3977 sententia
781 3912 911 3976 dubium
934 3933 1018 3996 csse,
1053 3915 1132 3999 quin
1159 3924 1260 3996 quiret
1287 3916 1362 3981 illud

219 4017 331 4084 ntum
354 4020 397 4085 sit
419 4043 457 4085 cx
480 4022 541 4087 hac
556 4044 665 4088 versus
686 4022 772 4088 illius
788 4022 908 4107 specie:
931 4030 1036 4089 liceret
1058 4036 1091 4090 ut
1112 4034 1216 4092 coire
1238 4043 1272 4094 et
1294 4052 1363 4096 corr·

289 4259 314 4323 Ι*)
334 4256 414 4325 [Vide
433 4276 519 4328 supra
535 4279 563 4330 p.
583 4263 652 4332 188]

288 4349 327 4415 l⁵¹²)
346 4349 427 4418 [Vide
445 4371 531 4423 supra
548 4373 576 4424 p.
598 4357 665 4425 1861
794 4375 803 4385 ¹
