2946 5010
220 319 283 383 426
578 329 794 391 vuarcoovra
817 328 1003 376 ansverus.

305 488 555 551 Intermortuam
582 485 768 550 memoriam
790 484 959 548 verborum
981 483 1185 567 antiquitatis
1207 488 1244 549 ut
1266 507 1353 570 saepe

220 597 293 661 libri
315 596 471 679 Plautini,
494 596 541 660 ita
563 595 641 660 alibi
656 595 799 660 Plautini
822 616 931 659 versus
954 593 1179 680 redintegrant
1199 594 1232 659 h.
1256 618 1284 661 e.
1306 596 1353 660 oh

220 712 347 774 servata
378 708 430 772 lex
460 727 675 771 numerorum.
720 705 840 781 Quibus
869 705 924 769 ubi
952 705 1001 769 vis
1032 707 1064 768 et
1086 706 1169 770 ratio
1193 707 1354 792 analogiae
1434 710 1435 713 ’

220 818 353 901 accedit,
376 817 474 902 longe
496 816 735 882 evidentissima
757 815 889 880 evadere
911 815 993 880 solet
1020 816 1261 881 demonstratio.
1298 816 1354 881 Do

220 933 368 993 cumento
397 931 480 1011 estc,
514 950 609 1012 quam
631 927 665 991 in
688 947 810 1010 nupero
831 927 1030 1011 prooemio*)
1060 927 1228 1012 tetigimus
1253 926 1354 1015 [supra

218 1062 250 1122 p.
268 1038 342 1127 397]
367 1045 566 1118 iuriqandum
587 1037 692 1102 forma
707 1037 741 1101 in
757 1026 873 1101 Vetere
897 1036 1005 1101 codice
1028 1040 1155 1101 servata
1172 1037 1369 1103 mereatoris·

220 1149 361 1231 semul,
384 1149 416 1232 2,
441 1151 460 1214 9
485 1147 582 1236 [118],
607 1148 662 1233 qui
684 1148 779 1232 vulgo
801 1147 875 1211 talis
899 1150 963 1211 est:

283 1291 324 1350 Et
346 1291 525 1349 currendum
540 1293 570 1349 et
585 1290 782 1365 pugnandum
804 1292 834 1347 et
854 1285 954 1350 autem
976 1289 1158 1366 iurgandum
1181 1293 1227 1349 cst
1248 1291 1280 1350 in
1301 1250 1375 1351 ria

219 1421 279 1498 Qui
301 1422 328 1486 si
349 1421 505 1485 iambicus
526 1425 632 1486 estut
652 1421 796 1505 plerique
816 1441 925 1484 versus
945 1419 1031 1483 illius
1054 1442 1210 1504 scaenae,
1234 1422 1358 1506 quadri-

219 1533 376 1617 syllabam
397 1533 534 1596 formam
557 1532 618 1596 sibi
640 1531 782 1615 postulat
805 1535 846 1594 Et
859 1531 1042 1596 narrandum
1063 1543 1093 1595 et
1107 1535 1311 1612 puqncindum
1331 1544 1359 1598 et

220 1655 317 1708 aulem
339 1645 562 1722 idripandumst
584 1644 615 1707 in
638 1650 702 1721 oia:
726 1641 752 1704 si
768 1641 948 1706 trochaicus
965 1664 1036 1706 cum
1057 1642 1179 1706 duobus
1195 1643 1250 1727 qui
1272 1667 1359 1728 prae-

221 1754 338 1818 cedunt
365 1754 524 1836 versibus,
553 1752 653 1817 videri
681 1774 758 1816 sane
786 1755 894 1836 potest
920 1751 1122 1835 trisyllabam
1151 1754 1197 1817 sic
1220 1755 1357 1840 recipere

219 1865 268 1928 'Ee
290 1871 503 1930 currendumst
525 1866 554 1928 ct
571 1870 773 1943 paqnandum
788 1876 817 1928 et
838 1864 935 1926 arilcm
958 1869 1143 1942 iurqandum
1166 1865 1197 1928 ἐπ
1222 1873 1282 1929 via.
1312 1868 1357 1929 Ac

219 1974 387 2039 fatendum
416 1977 465 2038 cst
493 1974 593 2038 multo
620 1974 816 2059 probabilius
844 1972 1023 2037 trochaicus
1051 1995 1202 2038 numeros
1226 1997 1284 2059 per
1304 1976 1355 2040 hos

220 2107 329 2149 versus
351 2088 416 2150 tres
441 2084 622 2149 continuari
651 2085 812 2149 communi
833 2085 1013 2149 sententiae
1035 2084 1165 2148 vinculo
1192 2107 1293 2152 nexos
1313 2072 1355 2150 ii-

220 2196 482 2281 dignahundique
499 2196 581 2260 servi
599 2196 777 2260 orationem
800 2199 874 2280 apte
897 2198 932 2260 et'
952 2195 1110 2260 concinne
1132 2197 1356 2262 terminantes:

305 2363 445 2424 Cdrrenti
472 2364 647 2440 properanti
674 2364 734 2422 hau
764 2363 925 2438 quisquam
948 2362 1074 2439 dignum
1096 2362 1188 2421 habet
1212 2365 1357 2424 decedere.

305 2444 362 2508 'lta
390 2454 450 2508 tres
478 2469 525 2509 rcs
547 2450 650 2509 simitu
679 2449 812 2525 agendae
835 2451 914 2521 sunt,
939 2448 1059 2524 quando
1082 2467 1175 2507 unam
1198 2451 1358 2527 occeperis:

305 2529 355 2594 'lli
378 2536 585 2595 currendumst
608 2554 633 2593 e.
657 2554 686 2610 q.
710 2553 733 2592 s.

222 2699 284 2764 Sed
306 2699 408 2764 nihilo
431 2703 541 2763 tamen
562 2699 666 2783 magis
688 2698 737 2762 vel
753 2698 839 2762 hunc
855 2719 981 2761 versum
1004 2697 1054 2761 vel
1075 2687 1251 2764 iambicum
1273 2700 1362 2765 illum

132 2814 140 2823 “
222 2811 424 2874 concedimus
440 2808 625 2874 Plautinum
641 2830 719 2892 esse,
737 2809 897 2873 communi
918 2811 1110 2894 argumento
1125 2808 1186 2874 hoc
1202 2812 1263 2895 usi,
1281 2812 1362 2897 quod

221 2931 250 2982 ee
273 2931 371 2984 autem
393 2919 571 3003 particulae
594 2920 657 2984 nisi
679 2920 870 3003 interposito
885 2918 1039 2983 vocabulo
1061 2941 1127 2983 non
1150 2925 1228 2987 sunt
1249 2924 1363 2988 sociari

222 3029 350 3093 solitae:
382 3029 415 3092 id
437 3031 520 3113 quod
542 3052 581 3094 cx
603 3030 667 3094 illis
690 3052 770 3115 quae
793 3029 941 3094 Haudius
963 3029 1136 3094 Tursellini
1157 3033 1182 3094 t.
1206 3031 1223 3096 Ι
1245 3055 1279 3116 p.
1303 3035 1364 3099 584

223 3140 368 3225 exempla
397 3141 590 3224 composuit,
620 3141 699 3205 satis
726 3141 933 3225 perspicitur:
971 3146 1050 3205 abite
1076 3153 1109 3206 ta
1138 3146 1260 3207 domum
1283 3157 1313 3209 ce
1335 3158 1366 3210 lu

178 3270 204 3319 vr
224 3263 322 3317 autem
349 3258 485 3316 domum:
519 3259 547 3316 si
571 3264 601 3316 ct
621 3258 676 3316 illa
699 3259 759 3317 volt
779 3264 809 3316 et
831 3257 882 3316 ille
905 3261 1002 3316 autem
1024 3258 1125 3333 cupit:
1163 3268 1288 3319 namet
1311 3262 1367 3323 hoc

223 3373 311 3429 nocte
332 3369 545 3428 consulendum
567 3374 595 3425 ct
616 3369 694 3428 illud
714 3375 814 3428 cutem
830 3368 1095 3428 insermendumst:
1117 3373 1148 3427 et
1169 3371 1254 3444 quod
1275 3374 1368 3433 inane

223 3484 322 3538 aulem
344 3485 396 3537 cst.
428 3473 474 3539 Vt
494 3496 593 3537 unum
616 3474 699 3557 quod
723 3473 910 3538 adversatur
932 3473 1122 3558 exemplum,
1146 3473 1286 3542 Poenuli
1308 3477 1366 3562 lv,

222 3585 258 3668 2,
285 3584 324 3649 19
352 3584 401 3648 ‘Et
428 3591 516 3650 adire
548 3591 629 3650 labet
656 3591 804 3649 hominem
836 3597 865 3648 ct
893 3596 990 3649 autem
1017 3591 1104 3648 nimia
1131 3604 1198 3649 eum
1227 3596 1369 3655 ausculto

222 3699 342 3778 lubens,
371 3694 456 3759 haud
478 3695 677 3760 haesitanter
705 3700 737 3759 et
758 3694 820 3759 hac
843 3694 1026 3780 stribligine
1049 3697 1082 3759 et
1102 3694 1195 3779 pravi
1219 3697 1254 3761 in
1279 3705 1373 3766 adirc'

223 3810 374 3871 accentus
405 3807 482 3870 vitio
511 3807 557 3870 sic
583 3805 786 3870 liberandum
813 3806 857 3870 sit
883 3805 933 3869 'Et
955 3810 1044 3869 adire
1064 3811 1214 3871 hominem
1236 3810 1322 3875 tabee
1343 3824 1372 3877 et

223 3924 311 3981 nimis
339 3929 437 3981 autem
456 3915 522 3981 eum
544 3939 625 3982 nunc
648 3919 786 3982 ausculto
808 3922 919 3982 lubens.
965 3914 1058 3978 Vnde
1088 3936 1292 4001 consequens
1323 3926 1372 3987 est

222 4028 315 4090 utin
338 4025 525 4091 Mercatoris
548 4048 640 4090 versu
663 4026 935 4110 quadrisyllabam
961 4025 1098 4089 formam
1125 4048 1192 4090 non
1216 4031 1373 4112 probahi-

223 4137 297 4201 htas
318 4140 447 4203 tantum
470 4137 679 4219 commendet,
703 4135 758 4200 sed
782 4137 892 4221 exigat
912 4136 1101 4200 necessitas:

291 4366 317 4431 *)
337 4364 397 4434 [Hic
416 4382 486 4436 quae
505 4364 571 4418 olim
590 4362 793 4431 adnotavimus,
811 4329 1005 4436 supraposita
1022 4363 1193 4435 suntpnm
1214 4368 1244 4421 et
1262 4374 1338 4444 toa]
