2946 5010
201 293 263 356 lut
512 307 558 352 uu
582 305 798 353 suevueuro
823 303 1042 352 xcaosrrcuo

203 462 252 526 Ac
286 462 327 547 de
357 469 471 541 efferet
504 481 579 523 voce
608 481 648 523 ne
677 445 809 524 verbum
837 458 965 542 quidem
993 457 1062 523 ille:
1095 481 1190 544 quam
1220 465 1352 526 sancet

203 572 329 658 mergo'
348 570 476 635 Etrusci
508 571 611 634 nostri
644 573 734 639 tenet
766 572 799 634 et
832 568 964 634 minime
998 591 1031 634 se
1054 569 1161 634 videre
1184 570 1352 656 Scioppius

204 685 328 748 dixerat
352 704 408 747 cur
431 685 552 745 veteres
575 704 641 745 non
664 702 763 765 aeque
786 704 823 745 ac
842 669 1012 762 perforare
1033 685 1178 759 inforare
1199 704 1352 767 usurpare

203 794 391 880 potuissent.
422 792 582 856 Nimirum
604 791 666 857 hac
686 788 924 856 rationeetiam
939 792 1084 856 inaudita
1099 800 1217 874 efferat
1232 793 1353 859 formae

204 905 423 991 patrocinere‚
453 925 549 986 quam
578 925 595 965 e
622 902 779 986 principis
807 903 957 967 editionis
984 925 1176 988 suorumque
1211 905 1355 970 codicum

204 1016 363 1099 scriptura
386 1022 502 1096 efferat
517 1012 653 1098 Pylades
676 1014 791 1096 effecit,
816 1014 866 1078 vel
890 1013 1016 1098 (quidni
1033 1013 1118 1078 enlm
1126 1015 1156 1098 l)
1173 1019 1352 1093 conserere,

205 1131 353 1204 deserere
374 1126 480 1210 fingas
504 1124 662 1189 arbitratu
684 1127 749 1188 tuo.
778 1123 979 1209 Quamquam
1000 1127 1036 1188 ut
1050 1146 1161 1189 verum
1182 1125 1353 1209 fateamur,

206 1241 313 1303 exstat
334 1259 434 1300 unum
449 1235 538 1299 verbi
560 1234 646 1298 illius
663 1236 830 1320 compositi
846 1236 1026 1319 exemplum
1042 1237 1126 1320 apud
1143 1235 1355 1301 Columellam

206 1349 263 1432 IX,
290 1350 318 1431 1,
342 1349 378 1412 3:
401 1354 463 1412 stae
485 1358 562 1411 teres
584 1351 704 1410 arboris
726 1359 852 1412 trancas
865 1355 927 1412 siae
950 1396 957 1411 .
984 1397 990 1410 .
1015 1396 1022 1411 .
1044 1353 1146 1423 fissilis
1167 1356 1261 1428 stipes
1276 1370 1356 1414 com·

202 1466 343 1541 pluribus
364 1465 438 1523 locis
458 1479 515 1535 per
530 1465 611 1522 latus
625 1446 788 1539 efferetur.
818 1457 880 1523 Sed
896 1457 971 1542 quid
987 1479 1023 1522 eo
1039 1480 1118 1543 opus
1142 1462 1192 1522 est
1212 1460 1356 1543 omnine,

206 1571 332 1656 quando
365 1567 447 1632 nihil
480 1567 665 1632 offensionis
698 1569 833 1653 simplex
857 1573 948 1646 serat
974 1569 1078 1632 forma
1106 1568 1229 1633 habet?
1260 1593 1360 1655 quam
1406 1648 1414 1655 ,

206 1682 270 1746 ium
304 1680 482 1746 Saraeeuus
522 1680 768 1743 commendabat
807 1683 935 1763 praeter
968 1683 1112 1760 perforat
1151 1681 1359 1765 scripturam.

207 1792 292 1855 Nam
315 1794 347 1853 et
365 1795 521 1869 plumbeos
547 1797 673 1854 cereales
702 1811 721 1853 e
749 1797 893 1856 lateribus
917 1812 977 1871 per
997 1799 1098 1871 spatie
1119 1798 1276 1871 palmaria
1299 1815 1360 1857 mo·
1426 1800 1429 1807 '

209 1909 285 1967 eicis
302 1904 411 1976 forari
432 1906 514 1963 cavis
535 1900 619 1964 idem
642 1900 696 1964 ille
718 1899 892 1965 Columella
914 1900 1004 1982 VIII,
1028 1903 1059 1984 3,
1083 1901 1103 1965 9
1125 1902 1229 1984 iussit,
1255 1907 1290 1966 et
1308 1907 1361 1981 so·

207 2023 279 2076 rata
312 2032 429 2075 cerrum
462 2010 543 2074 dixit
565 2010 644 2094 VII,
667 2013 704 2093 3,
734 2012 769 2095 6,
791 2019 928 2092 perticas
951 2016 1076 2088 foratas
1098 2011 1196 2095 VIII,
1234 2013 1294 2097 12,
1328 2016 1362 2096 4,

208 2128 304 2208 atque
338 2122 416 2185 adeo
446 2126 600 2198 [oratos
628 2130 802 2203 parietes
824 2122 919 2195 VIII,
943 2124 979 2206 3,
1015 2123 1049 2205 7,
1080 2144 1146 2187 non
1164 2127 1362 2208 perforatos,

208 2234 335 2319 qualem
357 2232 513 2316 parietem
535 2234 570 2298 in
586 2218 700 2297 Militis
723 2236 913 2319 argumento
930 2233 1107 2298 Saraceuus
1131 2236 1163 2298 et
1181 2233 1364 2299 Lambinus

165 2389 177 2404 ,
209 2345 402 2429 expetebant
435 2347 468 2408 et
500 2347 574 2407 ante
609 2366 661 2407 eos
689 2344 715 2407 is
723 2394 732 2426 ,
762 2345 816 2428 qui
844 2344 879 2407 in
907 2344 1053 2429 margine
1082 2343 1212 2409 Etrusci
1243 2346 1364 2412 codicis

208 2459 338 2540 praeter
360 2463 474 2535 efferet
495 2455 612 2538 posuit,
626 2455 723 2518 etiam
743 2460 903 2535 perforet:
938 2455 1022 2519 rmde
1045 2454 1087 2519 de¹
1105 2461 1211 2520 codice
1233 2464 1365 2538 antiquo

184 2556 188 2566 ¹
209 2567 350 2631 iudicare
372 2566 459 2648 licet,
484 2566 517 2629 in
541 2587 603 2649 quo
625 2566 709 2629 idem
731 2565 797 2650 legi
813 2565 889 2630 Plus
912 2569 1060 2630 testatur.
1091 2565 1228 2650 Decepit
1254 2572 1364 2632 autern

209 2682 337 2760 praeter
360 2675 512 2741 Bothium
534 2698 644 2740 omnes
668 2676 809 2760 Scioppii
833 2677 870 2740 de
893 2680 1028 2761 utroque
1051 2675 1227 2741 Camerarii
1253 2679 1364 2744 codiee

210 2786 359 2852 Palatino
390 2787 527 2850 mendax
560 2786 794 2850 testimenium:
831 2809 897 2850 non
933 2788 1037 2871 magis
1070 2788 1157 2851 euim
1190 2787 1239 2851 illi
1266 2812 1365 2874 quam

211 2897 291 2960 alius
314 2897 396 2960 liber
417 2896 500 2959 ullus
522 2896 645 2961 habeut
661 2910 762 2981 atque,
786 2898 841 2961 sed
856 2898 1042 2981 planissime
1058 2901 1223 2961 exaratum
1244 2906 1366 2965 athenis

210 3019 239 3070 et
258 3012 358 3088 serat,
382 3007 465 3090 qued
487 3018 516 3070 et
534 3011 623 3085 seret
645 3008 799 3092 scriptum
823 3009 857 3072 in
872 3007 1008 3072 Etrusco
1031 3008 1163 3072 transiit
1186 3008 1305 3074 deinde
1329 3012 1365 3075 in

211 3117 243 3179 id
251 3166 259 3198 ‚
290 3117 373 3199 quod
401 3138 472 3180 curn
500 3117 660 3202 lipsiensi
689 3118 949 3183 Vindobonensis
977 3122 1082 3201 tenet,
1118 3127 1239 3200 efferat.
1294 3120 1365 3185 Nec

212 3226 290 3290 satis
318 3248 386 3289 esse
415 3249 545 3292 caussae
568 3229 708 3312 videtur,
740 3253 796 3294 cur
817 3253 883 3294 nou
911 3231 1053 3313 potuisse
1076 3229 1166 3311 eddi,
1195 3251 1260 3314 qua
1284 3254 1365 3296 sane

213 3359 376 3401 careamus
406 3337 478 3400 'sine
506 3339 669 3425 molestia,
703 3352 732 3404 et
764 3341 923 3425 particula
960 3344 1106 3425 putetur:
1141 3363 1203 3424 qua
1233 3342 1367 3425 quidem

211 3448 312 3513 multo
334 3448 432 3513 etiam
454 3441 617 3513 molestius
634 3452 710 3515 alibi
726 3475 801 3515 usus
824 3455 872 3515 est
886 3451 1000 3516 horum
1015 3450 1046 3514 h.
1064 3472 1091 3515 e.
1108 3451 1367 3518 acrostichorum

212 3560 360 3644 scriptor·
383 3564 660 3645 argumentorum,
694 3565 730 3626 ut
758 3562 850 3647 capt.
875 3563 894 3626 8
922 3573 956 3626 et
982 3569 1007 3625 is
1035 3567 1161 3625 reduxit
1182 3574 1311 3641 captum
1338 3578 1368 3628 ct

209 3676 371 3750 [uerticem
398 3678 502 3736 simul:
536 3672 622 3736 Men.
652 3673 672 3737 5
705 3684 739 3736 ct
766 3681 790 3738 ts
817 3695 1005 3752 permenam,
1030 3683 1193 3752 postquem
1217 3680 1366 3753 adoleuit,

213 3789 375 3861 quaeritat.
421 3781 535 3846 Omitti
558 3805 595 3846 ea
620 3782 779 3867 particula
803 3783 899 3846 etiam
923 3784 1014 3867 capt.
1038 3781 1059 3847 5
1080 3785 1248 3866 potuerat:
1271 3798 1370 3864 peter

167 3873 169 3878 Ι
212 3901 349 3973 captives
370 3904 590 3959 commereatur
613 3900 703 3971 Altos,
729 3903 845 3957 tantam
867 3900 990 3958 studens
1012 3905 1044 3957 ut
1070 3903 1175 3956 netum
1201 3911 1371 3975 recuperet

213 4025 314 4067 suerro:
341 4016 375 4068 et
396 4012 426 4068 in
450 4009 606 4069 itureae
629 4011 698 4069 olim
720 4012 859 4069 emissum
879 4012 991 4081 filium:
1021 4003 1062 4067 cf.
1087 4024 1211 4087 argum.
1237 4003 1310 4070 Mil.
1336 4009 1369 4071 4.

214 4112 308 4176 Most.
332 4114 363 4178 5.
387 4113 485 4178 Poen.
510 4116 540 4179 3.
565 4114 658 4178 Truc.
684 4115 713 4178 7.
759 4113 880 4188 Quibus
909 4113 1062 4198 exemplis
1090 4113 1242 4178 omnibus
1267 4138 1371 4203 nego-

214 4223 294 4285 tium
321 4223 470 4307 seriptori
498 4224 662 4287 facessivit
688 4246 837 4288 versuum
865 4225 905 4288 ab
935 4230 964 4288 E
993 4224 1102 4287 littera
1136 4224 1371 4294 ordiendorum

215 4332 402 4395 necessitas:
432 4337 527 4418 atque
554 4333 650 4418 louge
678 4334 713 4398 in
741 4333 801 4398 hoc
824 4357 942 4419 genere
965 4334 1146 4419 elegantius
1170 4343 1370 4420 argumenta
