2948 4994
461 362 683 411 onosssmvn
707 363 921 412 rnsvrmvn.
1067 347 1080 367 ‘'
1202 348 1262 412 251

205 520 248 585 30
269 505 455 598 terpiton
497 516 625 602 Epidici
648 516 697 581 III
705 567 723 599 ,,
737 518 775 600 4,
798 517 856 600 49,
891 539 1025 601 quorum
1047 540 1195 583 versuum
1218 523 1269 583 sut

65 633 72 645 ’
120 653 237 716 graves
260 629 373 694 turbae
395 633 428 693 et
449 628 595 709 lacunae,
619 627 729 711 quales
751 627 853 692 Vetus
875 627 1032 712 1111111*),
1058 651 1167 695 rursus
1190 631 1266 694 Am-

120 741 263 806 brosiani
286 740 441 804 beneficio
464 739 510 802 sio
532 741 734 803 removentur
755 738 959 803 felicissime:

226 898 377 975 Equidem
402 897 503 956 hercle
531 899 689 974 argentum
710 916 766 971 pro
787 896 844 955 hic
866 897 944 956 dedi.
968 898 1021 956 Mi.
1044 900 1138 958 stulte
1160 899 1266 958 datum

187 1038 190 1039 γ
225 983 319 1056 Rem,
342 986 498 1058 peecatum
519 982 653 1060 ltrgiter.
682 981 737 1040 Ps.
760 982 851 1040 immo
872 982 946 1042 hacc
968 985 1041 1042 eest.

225 1069 305 1128 Nem
327 1071 445 1127 servom
465 1067 549 1140 misi,
574 1068 626 1143 qui
648 1067 735 1124 illum
756 1069 864 1126 sectari
886 1069 978 1139 solet,

226 1155 328 1213 Meum
349 1154 491 1229 gnitum:
515 1152 540 1211 is
562 1153 627 1227 ipse
646 1152 724 1211 hene
746 1152 912 1211 destinavit
934 1152 1098 1212 fidicinem.

143 1241 203 1298 111.
228 1239 285 1315 Em
308 1239 377 1297 istic
398 1238 487 1297 homo
510 1239 540 1295 te
563 1237 746 1296 articultiim
768 1237 913 1309 concidit,
937 1256 1035 1310 senex,

229 1324 309 1382 Tuos
331 1327 443 1382 servos.
457 1322 520 1380 .Ps.
546 1322 598 1398 qui
622 1322 773 1380 concidit?
809 1322 862 1379 Mi.
886 1321 929 1382 sic
951 1323 1124 1397 suspitiost:

227 1409 306 1467 Nem
329 1407 382 1483 prt
404 1407 526 1466 fidicine
546 1408 619 1466 haec
641 1410 727 1465 cervo
749 1407 938 1482 suppositist
959 1407 1026 1465 tibi.
1034 1404 1078 1484 ”l

123 1555 245 1621 Eadem
267 1556 375 1641 glossa
396 1554 483 1619 infra
505 1554 590 1619 redit
614 1558 634 1636 ξ
657 1554 699 1619 38
722 1576 739 1618 e
761 1553 976 1618 Mostellariee
998 1553 1047 1638 ΙΙ,
1070 1555 1107 1638 2,
1131 1555 1151 1619 8
1174 1556 1266 1642 (438)

125 1671 253 1748 Edepol,
279 1671 431 1746 Neptune,
453 1668 622 1746 peccavisti
641 1667 783 1744 la'rpiler,
816 1668 911 1749 utque
934 1669 953 1746 ἓ
975 1665 1016 1728 41
1041 1687 1058 1730 e
1080 1666 1266 1731 Truculeuti

125 1777 164 1861 V,
191 1778 228 1840 11
251 1798 344 1840 versu
366 1775 412 1841 sic
433 1776 497 1840 nisi
519 1774 614 1840 fallor
641 1775 839 1839 restituendo
861 1775 967 1856 'Opust
993 1783 1108 1841 nutrici
1135 1777 1267 1842 detritum
1349 1865 1352 1868 1

125 1900 157 1953 ut
178 1894 289 1952 taceat
315 1890 423 1951 ve'teris
446 1893 511 1951 ciui
535 1885 752 1971 Idrpiter***):
781 1907 843 1970 quo
866 1884 993 1970 quidem
1017 1887 1267 1952 constructionis

125 2020 244 2083 genere
273 1998 370 2061 etiam
399 1996 482 2061 Rud.
507 1995 564 2079 IV,
587 1997 624 2079 4,
651 1996 711 2059 144
734 1996 845 2082 (1188)
877 2000 975 2060 Cre'do
996 2003 1104 2076 edepol
1124 2019 1180 2076 epo
1203 2001 1268 2063 illic

125 2116 220 2173 inesse
241 2115 314 2173 11111·
333 2110 424 2187 tique
446 2107 526 2190 (uon
547 2108 589 2188 et)
612 2114 735 2185 arpenti
754 2110 893 2186 tcirpiter,
918 2107 1098 2192 ibidemque
1120 2107 1161 2192 V,
1176 2108 1208 2192 2,
1224 2108 1266 2174 28

126 2220 236 2305 (1315)
259 2221 389 2297 la'rpiter
410 2221 558 2283 mercdis
579 2217 750 2297 indipiscet·
771 2239 845 2281 usus
873 2219 922 2281 est
943 2219 1049 2301 poeta.
1094 2218 1265 2302 BrevioriS,

126 2351 221 2413 quarn
243 2332 371 2414 postera
394 2331 482 2393 oetas
504 2349 604 2412 prope
620 2328 720 2391 solam
742 2327 901 2411 probavit,
925 2334 1014 2406 torpe
1027 2327 1150 2391 formae
1167 2351 1266 2392 unum

127 2438 212 2524 apud
235 2439 372 2503 eundem
395 2437 575 2522 exemplum
598 2441 647 2501 est
669 2438 743 2501 Aul.
768 2437 810 2519 Il,
834 2437 870 2519 2,
898 2437 935 2501 19
960 2440 1082 2502 Ne'mini
1102 2441 1194 2503 credo'
1215 2446 1270 2518 qui

125 2557 213 2628 larpe
234 2552 375 2614 didudcst
396 2555 479 2614 dives
498 2549 641 2630 podperi.

194 2738 219 2805 *)
232 2736 335 2814 Earum
347 2735 387 2790 ibi
404 2735 474 2790 haec
486 2735 591 2806 species
609 2736 652 2790 est
669 2733 759 2802 (nnius
778 2736 873 2790 tumen
890 2750 985 2789 versus
998 2734 1182 2790 continuitate
1195 2751 1267 2790 com-

126 2828 271 2901 prehensis
288 2828 382 2884 verbis
400 2831 538 2898 Equidem
551 2861 582 2868 -
595 2831 737 2898 turpiterlz

197 2929 333 2999 Equidem
345 2930 438 2986 hercle
450 2931 597 3000 argentum
616 2946 668 3001 pro
680 2930 733 2985 hec
746 2930 818 2985 dedi.
831 2930 868 2984 Μ.
883 2929 968 2985 stulte
981 2931 1078 3053 (11111ῃῂ1
1090 2947 1154 3054 reolr
1166 2935 1195 2986 et
1205 2949 1269 3054 pec·

346 3014 354 3032 ·
1029 3017 1062 3053 11
1075 3017 1123 3052 um
1151 3018 1265 3056 11111.

144 3066 176 3120 P.
194 3066 282 3121 immo
301 3066 370 3120 haec
388 3068 448 3120 east
465 3082 530 3120 nam
548 3082 658 3120 seruum
676 3065 737 3120 misi
949 3067 998 3137 qui
1016 3067 1117 3121 secturi
1136 3018 1208 3124 solegt

195 3133 287 3187 Meum
344 3135 421 3188 ntum
438 3134 499 3203 ipse
517 3133 589 3187 hunc
606 3133 746 3188 fidicinam
765 3135 832 3190 emit
984 3134 1127 3188 fidicinam

145 3201 181 3254 M.
196 3200 267 3255 Hem
284 3200 308 3255 is
325 3201 348 3255 'c
365 3202 448 3256 homo
466 3204 495 3255 te
514 3200 683 3255 articulatim
702 3202 822 3257 concidit
839 3220 922 3258 senex
941 3206 1004 3260 tuus
1021 3224 1127 3263 seruus.

144 3269 175 3324 Ρ.
195 3268 267 3332 Quid
285 3268 412 3324 concidit.
432 3270 500 3323 Min.
520 3269 560 3323 sic
577 3270 731 3339 suspiciost.

196 3336 268 3392 Nem
284 3354 336 3407 pro
354 3337 465 3392 fidicine
482 3339 552 3392 haec
568 3336 714 3406 subposito
731 3341 775 3393 est
791 3340 827 3405 ssi
843 3339 902 3395 tibi.

128 3456 251 3521 Quorum
273 3473 402 3511 versuum
424 3455 515 3527 primo
532 3456 561 3511 in
579 3459 645 3514 dedi
666 3473 681 3511 e
700 3459 859 3512 correctura
877 3463 920 3514 est
938 3467 950 3517 i
964 3461 1071 3529 litteren
1095 3462 1179 3517 tertio
1203 3465 1270 3519 emit

128 3567 185 3604 non
203 3551 246 3604 est
264 3567 281 3604 1
298 3549 390 3620 prime
406 3566 491 3604 manu
512 3549 658 3621 scriptum,
682 3568 851 3621 quemquem
873 3569 908 3607 ne
926 3570 944 3607 1
961 3554 1070 3610 novicia
1092 3554 1203 3623 quidem
1221 3555 1269 3611 ed·

129 3642 227 3698 ditum.

197 3737 238 3807 ¹⁸³)
260 3737 878 3808 111111111111111111111111111111111,
896 3741 951 3794 nisi
969 3742 1044 3810 quod
1062 3760 1186 3809 servom,
1206 3750 1269 3799 titos
1352 3751 1354 3754 ’

129 3848 243 3898 servos,
261 3835 410 3901 suspitiost
427 3830 526 3902 scripsi
543 3847 594 3901 pro
613 3850 743 3900 servum,
762 3843 828 3892 tuus
846 3852 963 3901 servus,
987 3839 1153 3905 suspiciost,
1177 3833 1269 3903 sprevi

130 3924 225 3979 autem
242 3929 441 3982 articulatum.
477 3924 606 3980 Ceterum
625 3944 737 3984 cervom
756 3928 876 3997 apparet
892 3929 1037 3996 tamquam
1055 3927 1176 3994 11111111
1195 3926 1270 3981 Auli-

130 4018 243 4072 densem
260 4015 394 4088 intellegi.
607 4074 608 4077 ,

198 4112 254 4179 ***)
279 4114 357 4182 Opus
376 4117 483 4171 nutrici
499 4121 592 4172 astute
610 4117 712 4174 debeat
730 4119 837 4174 ueteris
855 4117 928 4174 ninii
946 4120 1037 4185 opiter
1055 4116 1098 4169 est
1119 4114 1148 4169 in
1168 4116 1271 4170 Decur-

130 4206 200 4270 1110,
220 4208 251 4264 0.
264 4225 291 4263 n.
310 4210 465 4266 cttutobeot
482 4213 621 4266 ueterisui
638 4210 679 4265 nil
689 4213 780 4278 opiter
797 4210 825 4263 in
837 4209 950 4264 Vetere:
968 4209 997 4262 in
1014 4209 1141 4280 Principe
1159 4209 1271 4265 demum

131 4317 166 4355 ex
187 4282 403 4369 interpolatione
427 4301 505 4370 Opus
529 4307 636 4359 nutrici
658 4310 748 4360 utrem
770 4306 880 4362 dotent.
923 4304 966 4372 [0.
990 4307 1110 4370 sidrici,
1140 4306 1213 4361 lucie
1240 4312 1271 4361 ut

130 4395 236 4452 debeat
252 4392 396 4463 ingeniose
414 4412 502 4465 nuper
520 4395 552 4450 0.
572 4394 724 4467 Seyffertus
741 4396 881 4467 Philologi
898 4396 973 4451 XXV
990 4416 1017 4468 p.
1036 4399 1106 4468 itu]
