2992 4996
266 293 329 356 258
608 306 830 355 onossnruvu
852 306 1067 353 rnsvrmvn.

267 483 339 525 enm
356 468 513 543 pulmento
534 459 737 543 doctiuscule)
766 459 865 533 habes
886 459 1005 523 ibidem
1027 458 1058 541 Ι,
1082 458 1120 540 2,
1143 457 1186 522 84
1213 458 1324 542 (220),
1356 458 1411 521 ubi

266 578 473 637 nitidissimum
495 570 705 634 substitutum
726 573 776 633 est
797 571 832 634 in
854 569 1022 633 Palatinis.

350 683 392 746 69
415 689 666 747 altrinsecus:
689 681 733 744 ib.
756 679 816 762 ΙΙΙ,
840 679 871 762 2,
896 681 936 744 73
960 680 1068 766 (862);
1092 680 1163 744 vide
1186 680 1225 743 ad
1249 683 1269 760 ξ
1293 681 1346 744 53.

351 794 393 857 70
413 803 662 857 extrusersus
700 789 839 854 dubitari
868 790 980 875 nequit
1008 791 1085 874 quin
1113 812 1130 854 e
1152 813 1228 854 vera
1250 791 1413 875 scriptura

265 915 470 983 transversus,
496 925 591 987 quam
613 902 692 966 satis
714 902 821 964 firmat
842 899 997 964 Varronis
1019 901 1254 983 testimonium,
1288 905 1321 965 et
1344 902 1413 965 eius

265 1015 553 1098 interpretamento
580 1035 621 1077 ca
655 1025 842 1090 transverso,
872 1011 955 1095 quod
977 1010 1119 1075 Palatini
1146 1012 1305 1095 produnt,
1338 1035 1413 1076 con-

265 1124 377 1189 flatum
399 1124 443 1188 sit
464 1124 614 1188 Pseuduli
637 1145 731 1188 versu
752 1121 809 1203 IV,
828 1124 856 1204 1,
873 1122 916 1186 45
938 1121 1030 1206 (955)
1054 1125 1122 1187 No'n
1140 1144 1282 1202 prorsus,
1307 1125 1412 1187 verrini

264 1248 461 1301 transvorsos
480 1237 576 1312 ce'de't,
601 1241 690 1314 quusi
709 1237 823 1298 euace'r
843 1239 934 1297 solet:
971 1253 1052 1315 qnae
1074 1233 1224 1297 aclverbia
1253 1256 1331 1298 cave
1354 1257 1413 1318 pro

264 1346 472 1410 nominativis
494 1345 624 1409 habeas
663 1344 811 1408 Pluribus
833 1343 872 1406 de
894 1365 930 1407 eo
954 1365 1046 1407 versu
1068 1344 1189 1407 dictum
1211 1345 1246 1408 in
1269 1345 1412 1409 editione

264 1458 332 1520 eius
355 1456 493 1520 fabulae.
539 1455 610 1520 Nisi
639 1455 766 1538 quidem
789 1454 945 1519 Varronis
973 1454 1078 1518 verbis
1106 1454 1140 1517 in
1169 1454 1255 1519 hanc
1284 1461 1412 1540 partem

265 1571 369 1643 utere,
397 1570 434 1631 ut
456 1567 606 1630 Plautum
635 1566 800 1649 scripsisse
840 1544 875 1629 l't
902 1577 1111 1643 transvorsos,
1146 1569 1205 1630 non
1230 1589 1410 1647 procursus,

264 1682 355 1756 cc'dr't,
380 1685 469 1757 quusi
481 1681 596 1741 cancer
617 1683 692 1741 soler
713 1676 919 1739 ratiocinere:
942 1698 993 1739 me
1008 1676 1135 1759 quidem
1151 1699 1216 1740 non
1239 1678 1410 1760 probante.

350 1790 388 1853 71
412 1795 553 1853 simitu:
590 1787 705 1851 Pseud.
729 1785 787 1869 IV,
811 1788 848 1869 2,
872 1786 914 1849 55
943 1786 1055 1870 (1012)
1085 1792 1125 1851 m
1150 1808 1217 1852 curn
1246 1787 1282 1853 io
1310 1797 1412 1853 simitu

264 1903 415 1963 mulierem
439 1900 516 1963 mitu'
534 1905 618 1964 volo:
640 1898 694 1962 ubi
710 1897 795 1961 solus
810 1896 911 1960 Vetus
926 1903 1007 1960 simil
1027 1898 1175 1978 servavit,
1200 1899 1298 1963 ceteri
1321 1897 1431 1964 simut

264 2011 510 2074 substituerunt.
556 2009 637 2072 ltern
659 2009 745 2073 infra
761 2011 781 2089 ξ
798 2008 839 2071 96
862 2006 997 2071 eStichi
1013 2007 1055 2090 ΙΙ,
1071 2008 1101 2088 2,
1124 2008 1166 2072 66
1189 2009 1282 2095 (394)
1306 2011 1410 2075 'Immo

264 2129 376 2186 cerussa
397 2119 464 2186 dunc
485 2126 586 2184 simitu
600 2126 722 2184 aiebant
737 2126 799 2183 illi:
821 2139 877 2196 epo
891 2119 951 2181 hdo
965 2125 1060 2182 citas:
1082 2118 1136 2182 ubi
1159 2124 1288 2202 praeter
1309 2143 1409 2185 unum

264 2232 514 2296 Ambrosianum
536 2230 610 2294 libri
633 2251 743 2293 omnes
765 2236 861 2294 simul.
907 2228 1051 2292 Tertium
1075 2230 1254 2313 exemplum
1280 2252 1408 2316 excerp·

263 2346 332 2406 tum
354 2346 404 2407 est
426 2347 445 2423 ξ
464 2342 524 2405 106
547 2364 585 2404 ex
608 2339 855 2425 Amphitruonis
877 2339 920 2420 ΙΙ,
942 2340 970 2420 1,
994 2340 1036 2404 84
1057 2341 1147 2425 (631)
1171 2345 1240 2406 Non
1262 2363 1321 2421 eqo
1342 2366 1408 2408 erun

263 2457 330 2518 oino'
352 2461 453 2518 simitu
475 2456 556 2516 ebibi
575 2452 733 2531 imperium
757 2463 848 2515 tuum.
894 2449 1050 2525 Quotiens
1077 2451 1162 2515 hanc
1183 2452 1340 2537 formam,
1370 2454 1408 2516 de

264 2565 352 2628 cuius
374 2585 524 2628 mensura
547 2561 720 2626 bacchiaca
742 2561 797 2625 diu
819 2563 868 2625 est
890 2583 929 2624 ex
952 2583 1015 2645 quo
1038 2565 1164 2626 constat
1186 2562 1406 2648 Kampmouni

263 2674 488 2757 disputatione,
511 2672 586 2736 libri
608 2672 751 2736 Plautini
774 2671 991 2752 servaverint,
1020 2673 1084 2737 dixi
1108 2673 1142 2736 in
1165 2673 1407 2759 Prolegomcnis

262 2807 294 2868 p.
319 2782 466 2865 CXLIlI3
489 2784 602 2866 quibus
624 2784 701 2847 locis
724 2784 763 2847 de
785 2782 984 2847 restituenda
1007 2783 1126 2847 rariore
1153 2790 1274 2849 similar
1304 2785 1407 2848 forma

262 2915 328 2956 non
350 2894 459 2977 inepte
483 2894 649 2978 cogitetur,
673 2893 853 2978 significavi
869 2893 904 2958 in
920 2894 1136 2978 Anthologiac
1158 2895 1215 2959 lat.
1240 2896 1408 2961 corollario

262 3003 470 3088 epigraphico
493 3004 626 3069 Bonnac
648 3004 734 3068 edito
756 3026 786 3068 a.
812 3004 894 3069 1853
916 3026 948 3087 p.
972 3003 1051 3069 XII:
1079 3027 1141 3089 quo
1162 3005 1231 3089 ipsc
1253 3006 1309 3071 ille
1332 3008 1407 3070 Am-

261 3113 443 3196 phitruonis
466 3135 574 3177 versus
601 3116 756 3197 pertinet,
786 3115 922 3178 fortasse
951 3115 1049 3179 etiam
1071 3137 1088 3179 e.
1110 3114 1221 3179 Sticho
1249 3117 1406 3200 prolatus,

262 3225 288 3288 si
311 3224 404 3287 modo
426 3224 470 3287 ibi
493 3231 611 3290 similar
633 3232 738 3289 aibant
765 3224 963 3308 praetuleris
1010 3225 1183 3290 Certiorem
1212 3228 1406 3292 emendatio·

261 3356 335 3399 nem
358 3335 575 3399 lllostellariae
598 3336 702 3399 versui
725 3335 784 3419 ΙΠ,
808 3335 839 3417 2,
867 3335 926 3399 105
949 3336 1040 3420 (792)
1064 3336 1242 3401 adhibitam
1267 3343 1336 3417 Epo
1358 3339 1405 3403 dic

261 3468 324 3511 esse
350 3459 379 3511 et
405 3447 451 3510 illi
471 3448 588 3511 simdur
609 3452 672 3511 tau
696 3449 782 3526 po'tai
808 3445 1014 3509 Fleckeiseno
1036 3446 1186 3531 probavi,
1215 3448 1251 3511 in
1274 3448 1404 3513 vitiosas

256 3564 357 3637 potiri
376 3563 503 3622 institiae·
522 3557 642 3621 formas
670 3556 785 3620 merita
815 3556 985 3620 severitate
1008 3557 1281 3623 animadvertenti
1302 3559 1403 3624 Musei

261 3667 324 3732 Rh.
341 3673 365 3731 t.
389 3667 467 3732 XIV
489 3691 520 3752 p.
545 3669 618 3732 623.
663 3667 727 3731 Vbi
749 3667 834 3751 quod
855 3689 959 3751 nuper
981 3667 1179 3752 propositum
1202 3668 1279 3752 vidi,
1302 3677 1402 3735 simitu

260 3802 322 3846 aaa
343 3785 406 3844 hou
424 3787 521 3860 potui,
545 3779 579 3843 in
602 3780 752 3863 promptu
775 3799 842 3841 esse
864 3781 942 3861 puto
965 3800 1021 3840 cur
1042 3801 1107 3842 non
1130 3778 1232 3861 possit
1253 3801 1322 3843 non
1345 3780 1404 3844 dis·

260 3892 389 3974 plieere.
412 3927 453 3939 -
477 3890 624 3954 Ueterum
639 3887 788 3952 Pseuduli
804 3887 863 3970 ΙΙΙ,
883 3890 911 3969 1,
929 3888 1063 3972 2,(767)
1086 3889 1169 3972 quod
1191 3896 1295 3955 simitu
1317 3913 1404 3971 quom

260 4002 362 4084 posui,
386 4000 420 4063 id
441 4001 602 4064 neminem
624 4000 728 4083 fugiet
748 3998 893 4082 exemplo
914 4001 1042 4063 tantum
1064 4021 1113 4063 nie
1135 3999 1271 4064 voluisse
1295 4023 1405 4068 eorum

261 4133 347 4193 esse,
372 4132 452 4194 quae
474 4111 561 4193 turpi
583 4111 872 4193 interpretamento
895 4111 1027 4175 cessisse
1049 4110 1291 4175 intellexissem.
1339 4112 1407 4177 Ali·

261 4224 381 4304 quanto
396 4219 468 4303 plus
483 4220 567 4299 fidei,
582 4219 646 4283 nisi
661 4220 767 4303 fallor,
784 4219 959 4304 repositum
973 4220 1008 4284 in
1024 4220 1222 4284 Mostellaria
1238 4220 1300 4303 ΙΙΙ,
1317 4223 1349 4305 2,
1364 4224 1407 4290 43

261 4331 352 4416 (733)
373 4337 473 4394 simitu
488 4330 601 4410 habet,
625 4330 651 4392 si
667 4331 759 4394 modo
774 4333 860 4394 recto
881 4331 1070 4394 bacclriacus
1085 4353 1192 4394 versus
1208 4330 1407 4400 describitur
