2946 5010
520 310 652 358 murms
676 310 852 359 euoarosr.
1188 296 1259 360 ,409

112 483 178 526 non
207 461 388 527 acrosticha
415 463 504 528 laeta
531 468 622 546 sunt,
655 465 912 528 constantissime
940 465 995 528 illa
1023 488 1080 549 per
1103 467 1259 533 ἀεύνδετα

111 571 304 639 incedentia.
350 573 462 658 Itaque
484 587 513 638 ct
535 575 727 658 particulam
745 573 880 639 Bothius
896 597 1021 660 quoque
1043 576 1119 640 olim
1140 577 1256 659 tenuit,

113 682 160 749 sic
182 683 288 748 versui
311 684 476 750 consulere
499 685 560 749 sibi
583 685 683 760 visus;

303 828 407 886 serviis
430 847 517 888 suum
540 831 662 887 arcessit
684 828 789 885 herum
811 827 939 887 Athonis
963 832 993 886 ot
1015 829 1104 902 forat,

110 979 171 1021 nee
194 960 384 1021 accentuum
407 958 565 1042 pravitate
587 959 689 1022 vitata
711 962 743 1022 et
765 958 984 1022 inficetissime
1006 959 1180 1042 praemisso
1195 984 1257 1025 ser-

111 1090 172 1132 vus.
202 1066 291 1143 Quod
307 1068 435 1152 quidem
449 1069 604 1151 sentiens,
627 1072 665 1132 ut
680 1069 813 1151 videtur,
838 1068 987 1133 licentius
1010 1069 1107 1133 etiam
1130 1070 1256 1135 libidini
1309 1121 1312 1128 f

109 1201 214 1263 nuper
228 1179 384 1263 indulsit,
408 1202 450 1244 ne
472 1180 593 1244 monito
615 1180 743 1266 quidem
773 1180 892 1245 lectore
914 1180 960 1245 sic
982 1180 1129 1247 onmibus
1151 1185 1255 1246 trans-

73 1355 84 1360 ,
111 1290 226 1374 positis
249 1295 282 1354 et
303 1291 477 1375 perversis:

301 1433 353 1491 sed
376 1435 464 1493 sirum
486 1434 591 1491 herum
612 1432 741 1493 Athenis
764 1437 866 1493 servus
895 1416 1026 1506 arecssit,
1050 1434 1130 1493 forat
1151 1466 1202 1494 -.

108 1563 214 1628 Multo
236 1568 343 1629 autem
365 1586 424 1627 nos
447 1567 479 1628 et
501 1564 677 1648 simplicius
700 1568 734 1629 et
754 1564 951 1649 probabilius
967 1564 1013 1628 ita
1035 1565 1256 1650 redintegrare

108 1697 202 1760 posse
224 1675 334 1739 luxata
357 1675 500 1739 codicum
523 1674 620 1740 verba
641 1675 734 1738 nobis
750 1676 903 1757 videmur,
926 1677 963 1738 ut
986 1676 1152 1758 revocatis,
1177 1699 1258 1761 quae

108 1787 308 1868 evanuerint,
333 1784 449 1849 litteris
473 1785 664 1869 quibusdam
686 1786 858 1870 pristinam
879 1786 1070 1869 scripturam
1097 1785 1182 1851 hane
1204 1810 1258 1871 po-

109 1919 242 1961 namus:
268 1894 410 1985 [slerlvus
423 1896 606 1984 dominlum:
620 1896 703 1960 unde
718 1900 883 1981 tamquam
899 1895 1093 1961 necessitate
1109 1898 1256 1982 quadam,

106 2030 277 2093 perperam
309 2007 436 2091 quidem
470 2007 651 2071 coniunctis
683 2028 763 2091 quae
797 2007 882 2071 solae
909 2007 1054 2071 residuae
1076 2011 1185 2072 essent
1206 2008 1257 2073 lit-

106 2119 196 2197 teris,
220 2140 304 2182 erum
327 2119 427 2182 fieret.
472 2117 568 2182 Hanc
591 2117 677 2180 enirn
699 2117 846 2201 formem,
865 2137 943 2181 uon
959 2123 1059 2200 herus,
1084 2118 1161 2182 boni
1183 2117 1258 2182 libri

106 2227 252 2292 Plautini
274 2228 374 2293 solam
396 2232 525 2293 norunt.

194 2339 314 2414 Quodsi
338 2340 377 2404 rid
399 2340 559 2423 proximos
582 2361 693 2402 versus
716 2339 953 2424 progredimur,
978 2338 1037 2402 hoe
1059 2338 1187 2422 quidem
1208 2339 1254 2402 fa·
1273 2355 1299 2404 vr

109 2449 172 2514 eile
194 2450 361 2533 sentimus,
384 2472 451 2514 non
473 2453 540 2513 tam
564 2452 742 2534 exspectari
761 2449 849 2531 illud,
873 2452 913 2511 ut
932 2447 1030 2511 clam
1051 2448 1258 2532 perfossus

111 2582 181 2624 esse
204 2561 310 2644 paries
333 2560 474 2642 dicatur,
510 2583 571 2645 quo
593 2561 763 2625 convenire
786 2559 969 2623 amantibus
1004 2558 1132 2640 liceret,
1163 2580 1258 2642 quam

106 2671 168 2735 hoc
191 2671 314 2755 potine,
343 2671 493 2735 utillum
526 2672 692 2735 audiamus
721 2670 919 2754 perforatum
942 2690 1026 2752 esse,
1062 2691 1124 2753 quo
1158 2669 1257 2733 elam

108 2781 332 2846 convenire
354 2785 496 2867 possent.
531 2783 638 2867 Atque
660 2783 706 2846 ita
731 2804 802 2846 cum
817 2781 852 2845 in
868 2782 969 2845 altero
985 2783 1174 2865 argumento
1192 2784 1256 2845 est:

666 2924 797 2982 modium
819 2923 966 2998 parictem

310 2993 443 3085 perfodit
464 3029 576 3081 servus,
600 3009 781 3069 cdmmoatus
806 3009 973 3068 clanculum

310 3095 469 3171 quateret
497 3098 665 3153 amantum:

104 3230 174 3289 turn
197 3226 233 3289 in
255 3225 326 3309 ipsa
348 3224 459 3289 fabula
482 3225 524 3308 ll,
545 3228 574 3307 l,
590 3226 646 3290 65:

310 3367 342 3424 in
365 3366 399 3424 cd
422 3367 556 3425 conclavi
573 3399 585 3411 ν
608 3370 663 3443 ego
687 3366 805 3441 perfodi
828 3362 1020 3442 pirrictem,*)

184 3516 196 3548 x
312 3471 371 3526 qua
393 3452 574 3511 ctmmcatus
598 3452 674 3510 elam
697 3455 775 3510 esset
796 3452 866 3510 hinc
887 3452 945 3510 hue
966 3452 1095 3512 mulieri·

100 3581 178 3647 Huc
200 3582 266 3645 ium
289 3581 414 3645 accedit
435 3582 519 3666 quod
541 3590 620 3647 clam
643 3581 801 3666 particula
824 3605 853 3645 v.
878 3583 897 3646 6
919 3583 955 3646 in
978 3582 1045 3645 solo
1061 3581 1178 3647 Vetere
1201 3606 1251 3647 ex·

98 3696 180 3774 stat,
206 3691 239 3755 id
255 3695 363 3755 autem
378 3691 461 3775 quod
477 3692 591 3777 reliqui
606 3692 681 3756 libri
696 3693 863 3776 praebent,
888 3713 954 3755 uon
969 3693 1016 3755 ita
1033 3696 1252 3776 comparatum

98 3806 165 3884 est,
189 3805 226 3865 ut
249 3824 288 3865 ex
310 3801 365 3865 illa
387 3802 489 3885 possit
511 3806 617 3867 ortum
640 3803 748 3866 videri.
794 3802 852 3867 Sat
874 3802 960 3866 enim
982 3803 1125 3865 notabile
1148 3806 1196 3866 est
1218 3804 1253 3866 in
1317 3807 1320 3813 ’
1443 3794 1453 3804 ’

589 3903 603 3928 a
772 3910 779 3934 1
884 3900 948 3927 snum

97 3941 282 4006 [murtam
297 3959 356 4021 91³0
370 3944 450 4002 Clam
465 3937 528 4023 legi
545 3946 649 4028 selem,
667 3938 700 4002 in
716 3938 854 4002 Etrusco
874 3946 987 4002 scium:
1010 3941 1106 4020 atque
1121 3937 1251 4020 hined‘)

97 4080 286 4091 μη...-
293 4080 307 4086 ⁴

171 4160 196 4225 *)
216 4157 313 4226 [immo
332 4157 389 4212 sine
407 4157 487 4212 hiatu
505 4163 535 4214 in
553 4161 585 4216 eo'
604 4161 734 4216 conclavi
751 4177 800 4228 epo
816 4160 963 4228 pe'rsodivi
976 4157 1138 4226 pririctcml

169 4253 212 4319 **)
238 4250 274 4319 [h.
295 4267 318 4304 e.
339 4267 372 4304 ex
389 4250 481 4304 Vrsini
499 4251 593 4321 potius
612 4252 715 4318 codice,
735 4253 764 4306 in
782 4268 836 4319 quo
855 4252 923 4304 item
941 4250 1073 4319 scriptum
1092 4253 1136 4304 est
1153 4256 1251 4311 sciam.

88 4343 288 4415 Omninoque,
307 4343 438 4413 quoniam
451 4362 517 4400 casn
529 4345 632 4403 fectum
651 4347 693 4400 cst
712 4347 742 4399 ut
758 4345 787 4400 in
805 4345 926 4400 editione
944 4344 1040 4398 Militis
1058 4344 1173 4416 gloriosi
1191 4346 1253 4421 ipsa
