2910 5002
226 322 289 384 124
577 316 799 396 vaamcovra'
822 335 1009 384 ensurius.

226 489 468 555 induxerimus?
490 489 601 553 eadem
623 512 752 573 prorsus
774 489 933 554 vocalium
955 491 1212 576 mutationeque
1228 514 1375 558 occense

226 607 355 667 claudus
386 606 531 665 claudere
555 604 714 676 fraudere
740 601 829 664 facta
865 603 941 664 sunt
969 622 1131 667 accurrere
1162 581 1274 668 eluctus
1309 610 1374 668 ciu-

227 719 300 777 dere
327 714 499 790 detrudere
522 715 657 788 frustra.
703 709 771 775 Nec
799 711 932 793 mirum,
967 733 1039 776 cum
1067 713 1174 796 prisea
1205 716 1314 778 aetate
1342 719 1376 779 et

228 831 323 888 nauci
343 825 375 886 et
398 842 518 886 nuucec
540 821 748 905 scriberetur,
773 823 930 888 mansisse
952 822 1111 887 duriorem
1132 845 1248 888 sonum
1271 825 1307 888 in
1330 824 1374 887 al·

211 939 312 1014 tero,
342 933 377 997 in
405 932 505 995 altero
534 932 665 996 cessisse
693 932 845 1014 molliori,
881 934 1009 1017 quando
1044 937 1077 998 et
1103 947 1222 999 centum
1250 941 1376 1000 ducenti

229 1051 327 1111 niceni
356 1049 479 1107 triciens
506 1045 538 1106 et
564 1045 674 1106 tamen
703 1048 924 1122 quadrinqcnti
950 1051 1095 1124 nonqenti
1114 1052 1224 1124 viqinti
1244 1052 1374 1124 triqintu

229 1177 302 1221 cum
323 1152 478 1217 similibus
500 1152 648 1236 probavit
671 1153 875 1236 consuetudo,
900 1154 1073 1239 parilisque
1095 1155 1374 1219 inconstantiam

228 1265 347 1330 eisdem
368 1264 447 1328 adeo
469 1262 696 1328 vocabulorum
716 1264 828 1328 formis
851 1264 978 1329 duravit
998 1267 1036 1329 ut
1056 1272 1194 1331 curcrdio
1214 1272 1372 1345 quequiio,

229 1383 383 1441 Cermeius
399 1381 566 1456 Germeius,
590 1380 713 1453 neeieqo
727 1382 871 1455 neqieqo:
895 1376 985 1460 (nam
1007 1396 1088 1460 quae
1111 1375 1175 1439 alia
1198 1376 1285 1460 apud
1301 1374 1373 1439 Fes-

228 1491 298 1553 tum
318 1486 520 1571 potissimum
542 1487 686 1568 exstant,
718 1489 966 1550 commemorata
988 1509 1007 1549 a
1029 1485 1183 1550 Muellero
1205 1509 1237 1571 p.
1253 1487 1314 1569 23,
1340 1490 1374 1551 ut

182 1612 210 1662 tv
228 1607 328 1664 etune
355 1603 474 1678 qiuneu,
502 1601 662 1661 elucidare
687 1602 864 1674 qiueidere‚
894 1617 956 1680 quo
983 1603 1174 1677 quincentum
1203 1597 1330 1661 accedit
1356 1619 1373 1661 e

138 1712 144 1723 '
228 1732 260 1793 p.
284 1707 362 1790 254,
391 1706 442 1789 20,
478 1706 546 1788 ipso
580 1706 694 1770 aetatis
722 1705 892 1770 intervallo
925 1706 1064 1771 discreta
1097 1728 1166 1771 csse
1199 1706 1371 1790 videntur),

230 1824 261 1882 N
266 1839 398 1882 aucum
428 1818 536 1879 autem
562 1837 621 1899 pro
649 1838 684 1880 re
706 1821 797 1880 niiitt
822 1816 886 1881 diei
914 1821 1004 1880 extra
1034 1818 1285 1882 controversiam
1314 1823 1371 1899 est,

230 1929 296 1992 sive
319 1926 359 1990 ab
375 1925 463 1990 oleae
485 1925 616 1989 nucisve
638 1926 800 2011 iuglandis
829 1927 982 1992 interiore
1004 1927 1254 2012 dissaepimcnto
1277 1951 1372 1993 mem·

229 2040 389 2103 branaceu
417 2036 483 2100 sive
510 2058 530 2099 a
557 2035 653 2101 simili
680 2037 840 2122 particula
866 2038 962 2102 fabae
996 2060 1099 2123 grano
1126 2038 1370 2105 inhaerescere

230 2149 296 2214 sive
319 2170 338 2211 a
360 2146 575 2232 quarumlibet
595 2169 701 2211 rerum
722 2149 888 2232 put-amine
919 2148 1064 2232 profecta
1087 2151 1136 2213 est
1157 2149 1247 2214 vocis
1270 2151 1370 2214 notio:
1401 2193 1407 2207 ·

230 2282 306 2325 nam
320 2259 360 2323 de
378 2258 439 2322 hoe
455 2260 674 2323 controversas
689 2280 768 2323 sane
783 2255 1067 2344 grammaticorum
1089 2259 1267 2323 sententias
1291 2259 1372 2344 apud

229 2370 360 2435 Festum
381 2392 413 2454 p.
440 2368 500 2434 166
523 2369 715 2452 compositas
737 2368 853 2453 habes,
877 2391 1029 2454 suamque
1052 2368 1289 2434 dubitationem
1311 2370 1371 2433 iam

230 2481 398 2546 Plautinus
420 2479 562 2544 servolus
590 2480 830 2564 significaverat
852 2479 1097 2564 grammaticum
1120 2501 1222 2565 agens
1245 2479 1371 2545 Mostel-

229 2593 329 2658 latiae
351 2614 381 2656 v.
408 2590 504 2655 1041:
540 2593 598 2664 Oui
623 2595 710 2655 tomo
737 2595 860 2655 timidus
887 2598 946 2654 erit
972 2597 1003 2654 in
1031 2596 1120 2656 retus
1143 2595 1258 2670 dubiis,
1284 2598 1374 2656 neuei

229 2726 290 2769 non
321 2709 394 2767 erit:
430 2706 528 2781 Atque
549 2707 684 2780 equidem
714 2706 788 2780 quid
815 2706 848 2765 id
874 2721 937 2765 esse
965 2707 1066 2766 dicunt
1096 2707 1219 2766 verbum
1247 2707 1370 2767 ‘nauci’

230 2820 341 2880 neseio.
386 2810 592 2876 Affinitatem
620 2814 727 2876 autem
755 2811 920 2896 utriusque
949 2814 981 2875 et
1008 2811 1155 2875 vocabuli
1178 2815 1211 2876 et
1233 2813 1372 2877 notionis

231 2924 328 3008 plane
348 2924 485 2988 testatur
499 2920 668 2985 Ennianus
684 2921 767 3005 apud
782 2920 912 2986 Festum
934 2921 1094 2985 sanamus:
1118 2928 1187 2987 illic
1210 2925 1256 2987 e'st
1278 2945 1371 3002 nuqu-

231 3039 280 3092 tor
310 3028 400 3093 nihili
405 3075 413 3104 ,
448 3051 508 3095 non
536 3032 654 3096 nunciet
682 3036 785 3096 tomo:
822 3031 876 3095 ubi
906 3032 1098 3096 servandum
1119 3032 1209 3116 prius
1232 3045 1276 3098 est
1297 3032 1371 3096 illud

232 3137 388 3221 duximus,
412 3139 496 3223 quod
517 3140 644 3205 induxit
665 3141 803 3206 Ioannes
825 3140 991 3206 Vahlcnus
1013 3145 1123 3207 noster
1151 3166 1183 3227 p.
1212 3144 1282 3209 154.
1326 3145 1371 3206 Ac

233 3249 335 3313 sensit
363 3270 435 3313 eam
457 3242 650 3315 affinitatem
672 3253 770 3317 ctiam
792 3253 922 3317 Atteius
943 3252 1149 3338 Philologus,
1173 3276 1308 3320 nemum
1329 3253 1371 3317 di·

234 3380 309 3424 cens
326 3367 405 3441 poni
420 3383 481 3443 pro
499 3369 598 3445 nuqis,
622 3361 704 3427 nihil
726 3366 835 3428 tamen
858 3363 896 3429 de
918 3385 994 3429 vera
1017 3364 1213 3448 cognatione
1236 3365 1371 3450 suspica·

232 3473 284 3534 tus
305 3473 342 3535 ut
366 3470 498 3536 videtin.

316 3580 407 3646 Haec
428 3585 551 3666 autem,
580 3585 783 3668 quantumvis
805 3585 941 3649 fortasse
963 3583 1175 3668 probabiliter
1197 3585 1370 3671 disputata,

232 3713 422 3776 numquam,
453 3693 589 3775 credite,
618 3694 783 3759 vobiscum
816 3694 1079 3760 communicanda
1107 3700 1312 3779 putassemus
1333 3734 1372 3745 -

232 3801 327 3865 nimis
350 3802 437 3866 enim
458 3804 509 3868 vel
530 3803 620 3868 facili
642 3806 692 3869 vel
713 3805 776 3869 levi
799 3805 982 3871 coniectura
1011 3806 1107 3870 nimis
1129 3806 1234 3871 multa
1256 3807 1292 3872 in
1314 3807 1371 3872 hoc

232 3930 349 3994 genere
371 3913 467 3977 nimis
489 3914 613 3979 lubrico
634 3914 797 3998 luduntur,
821 3937 903 4000 quae
923 3917 990 3980 dies
1006 3916 1068 3981 diei
1084 3916 1245 3981 abolenda
1266 3918 1371 3982 tradat

231 4061 274 4071 -
295 4023 358 4087 nisi
379 4045 445 4089 non
467 4046 561 4109 posse
583 4028 709 4090 tantum
731 4026 778 4089 ita
801 4048 886 4111 esse,
910 4027 965 4091 sed
988 4047 1056 4091 esse
1078 4047 1191 4110 reapse
1215 4031 1267 4092 sat
1288 4032 1372 4093 certo

232 4134 391 4198 videretur
412 4135 625 4200 demonstrari
646 4157 748 4221 posse.
793 4136 830 4200 In
854 4141 1005 4221 promptu
1027 4138 1113 4201 enim
1135 4141 1229 4221 sunt,
1260 4140 1371 4224 quibus

234 4266 345 4327 parum
367 4243 506 4309 tribuere
528 4244 680 4310 multiscii
701 4246 944 4331 etymologistae
966 4248 1069 4312 nostri
1091 4247 1208 4331 solent,
1233 4250 1372 4314 testimo

233 4353 302 4416 nia:
325 4373 426 4435 pauca
448 4353 562 4437 fateor,
586 4355 641 4418 sed
662 4359 771 4421 tamen
792 4360 948 4440 quantum
973 4357 1062 4421 satis.
1091 4356 1247 4422 Testatur
1269 4363 1373 4425 autem
