2984 5010
592 310 629 354 11.
661 308 856 357 assolares.
1236 296 1296 360 103

150 482 248 544 quam
270 482 352 543 opus
374 459 599 524 miserabiliter
626 460 835 545 depravatum
864 465 897 525 et
928 464 1113 545 corruptum
1140 463 1295 529 scelerate

149 571 230 653 luit,
261 570 324 634 hoc
351 572 495 654 profecto
522 571 587 634 fuit
608 574 674 656 opt.
699 574 732 635 et
752 573 975 655 praestant-iss.
1000 572 1222 638 Plautinarum
1244 597 1295 639 co-

150 681 380 745 moediarum'
429 685 475 764 (p.
507 683 559 768 17)
593 681 832 746 ‘Correctiones
866 686 974 746 autem
1008 685 1295 768 comprobaverunt

149 780 356 875 proverbium
378 794 469 856 vetus
492 795 525 855 et
545 792 645 875 ipsae,
669 792 840 855 multorum
856 793 1052 856 medicorum
1075 795 1293 859 curationibus

149 905 300 986 aegrotos
323 902 500 986 plerunque
522 902 621 986 perdi.
668 901 747 967 Cum
776 902 876 986 igitur
903 901 993 965 illurn
1015 902 1132 967 librum
1153 907 1294 969 veterem

148 1012 289 1097 primum
313 1013 477 1095 vidissem,
501 1011 681 1076 incredibili
704 1011 822 1096 gaudio
844 1011 976 1076 affectus
998 1012 1056 1095 fui,
1080 1013 1163 1096 quod
1185 1036 1293 1098 spera-

148 1145 216 1187 rem
249 1123 405 1188 benelicio
438 1123 532 1187 huius
564 1127 632 1187 tam
664 1122 803 1207 turpiter
836 1122 1070 1187 contaminatas
1103 1127 1136 1187 et
1168 1124 1292 1188 mendis

147 1236 311 1297 scatentes
338 1233 463 1297 fabulas
491 1231 658 1297 Plautinas
687 1231 854 1317 repurgari
883 1235 978 1316 atque
1007 1233 1188 1316 integritati
1215 1257 1292 1299 suae

147 1343 274 1407 restitui
297 1364 400 1426 posse.
446 1342 525 1408 Cum
554 1346 660 1407 autem
688 1343 808 1407 intueri
835 1341 926 1406 illum
955 1343 1127 1425 attentius,
1165 1347 1197 1407 et
1224 1366 1292 1408 rem

148 1475 259 1539 gerere
294 1453 474 1517 accuratius
504 1454 694 1537 coepissem,
725 1474 791 1516 non
813 1452 942 1536 quidem
963 1455 1001 1515 ut
1022 1453 1114 1517 aiunt
1136 1453 1291 1534 ἄνθρακες

146 1565 366 1647 caecante,
396 1564 451 1627 sed
478 1563 580 1626 multo
607 1566 692 1627 certe
715 1562 821 1626 minus
844 1585 940 1647 quam
963 1584 1222 1649 speraveramus,
1255 1564 1290 1628 in

146 1673 203 1738 illo
230 1672 315 1737 libro
343 1672 412 1757 opis
441 1677 474 1737 et
507 1674 616 1757 copiae
655 1673 840 1757 reperimus.
885 1672 1028 1737 Primum
1061 1673 1147 1738 enim
1178 1675 1290 1739 statim

146 1773 452 1868 depraehendimus,
486 1783 654 1847 librarium
681 1783 781 1847 fuisse
811 1783 996 1866 imperitum
1022 1783 1203 1848 litterarum
1229 1783 1288 1849 La·
1307 1799 1357 1849 514

146 1894 300 1976 tinamm,
324 1916 434 1975 unum,
457 1897 494 1957 ut
516 1896 659 1978 apparet,
684 1915 722 1957 ex
744 1893 870 1957 illorum
893 1914 1020 1978 genere,
1044 1894 1099 1978 qui
1120 1894 1155 1958 in
1178 1916 1289 1960 coeno·

145 2004 211 2068 biis
227 2006 268 2068 ad
283 2004 363 2068 alias
386 2003 513 2088 quasvis
536 2003 761 2087 occupationes
785 2025 853 2067 sese
875 2003 951 2067 dare
973 2003 1135 2088 quondam
1157 2027 1288 2071 consue·

146 2116 287 2197 vissent,
325 2137 421 2198 quam
458 2115 642 2178 incumbere
670 2114 775 2177 studio
802 2114 959 2179 bonarum
986 2113 1166 2178 litterarum
1193 2119 1288 2200 atque

147 2225 281 2289 artium:
318 2228 448 2289 rectene
475 2247 517 2288 an
545 2246 651 2307 secus,
682 2246 768 2288 nunc
796 2245 861 2287 non
890 2245 1050 2308 quaeram.
1096 2223 1157 2290 Sed
1184 2247 1288 2310 neque

146 2334 264 2400 librum
299 2336 497 2416 ἀρχέτυπον,
535 2334 618 2398 unde
651 2334 704 2398 hic
737 2334 915 2419 descriptus
949 2334 1028 2414 fuit,
1063 2334 1226 2418 integrum
1256 2339 1289 2399 et

147 2445 353 2510 emendatum
375 2445 492 2529 ubique
514 2445 625 2527 fuisse,
648 2443 743 2508 facile
766 2444 872 2528 potuit
894 2442 1136 2506 animadverti'
1170 2442 1209 2506 In
1232 2444 1288 2507 der

147 2556 271 2620 andern
293 2556 427 2639 (neuen)
450 2554 591 2620 Vorrede
620 2555 696 2618 aber
723 2553 824 2616 heisst
852 2574 885 2615 es
912 2575 944 2635 p.
970 2553 1025 2615 11:
1063 2551 1288 2617 ‘Adminicula

146 2665 303 2751 quaedam
324 2665 493 2730 habuimus
509 2664 642 2729 duorum
656 2664 819 2741 librorum,
844 2665 989 2726 veterum
1004 2660 1132 2745 quidem
1146 2660 1285 2746 illorum,

146 2776 203 2840 sed
230 2798 309 2860 quos
335 2775 537 2839 librariorum
564 2775 693 2839 inscitia
725 2778 758 2838 et
784 2772 923 2837 futilitas
949 2771 1043 2836 foede
1070 2771 1285 2856 depravasset.

146 2886 271 2950 Horum
299 2885 435 2949 alterum
461 2886 549 2949 nacti
578 2885 697 2949 fuimus
721 2884 759 2947 de
782 2882 977 2947 bibliotheca
998 2882 1194 2965 praestantis
1217 2882 1286 2967 dig-

144 2997 251 3061 nitate
273 2999 305 3060 et
327 2996 473 3059 doctrina
494 2995 554 3059 viri
577 2994 646 3059 Viti
668 2993 807 3058 Werleri
829 2993 963 3073 Franci,
987 2992 1038 3055 cui
1060 2990 1211 3076 pleraque
1233 2992 1285 3056 de-

145 3107 258 3170 bemus
280 3127 490 3189 eorumquae
513 3128 531 3168 a
553 3105 646 3168 nobis
670 3104 802 3167 fuerunt
825 3105 977 3166 correcta.
1024 3100 1155 3187 Georgii
1178 3105 1286 3166 autem

145 3216 286 3280 Fabricii
309 3214 428 3280 candor
450 3215 583 3278 eximius
607 3219 639 3278 et
661 3212 885 3278 benevolentia
907 3233 1031 3274 summa
1054 3233 1132 3296 erga
1153 3234 1222 3296 nos,
1246 3213 1285 3276 de

144 3326 326 3391 incredibili
359 3324 463 3389 studio
497 3324 682 3409 diligentiae
718 3345 808 3405 suae,
845 3321 1093 3386 communicavit
1119 3322 1286 3386 nobiscum

144 3457 250 3519 nuper
271 3457 362 3498 suum
384 3455 508 3518 quoque
534 3434 666 3518 librum,
700 3434 734 3496 in
762 3454 856 3516 quem
886 3434 1106 3516 congesserat,
1135 3431 1285 3516 quicquid

143 3546 328 3631 perquirere
355 3544 493 3629 legendo
514 3545 633 3629 potuit,
668 3544 751 3627 quod
780 3543 821 3605 ad
849 3540 1073 3605 Plautinarum
1102 3541 1285 3606 fabularum

143 3661 214 3720 tam
236 3655 492 3719 emendationem
514 3677 610 3738 quam
632 3654 877 3738 explicationem
906 3651 1026 3734 aliquid
1052 3651 1206 3716 momenti
1228 3651 1284 3714 ha-

143 3768 248 3830 beret.
280 3764 414 3831 Caetera
436 3769 512 3828 sunt
534 3763 796 3829 considerationis
820 3766 852 3825 et
874 3782 968 3825 curae
984 3783 1021 3825 ao
1036 3761 1133 3824 studii
1156 3760 1282 3825 nostri.'

143 3875 252 3941 Unter
273 3875 346 3938 dem
368 3875 465 3938 ‘liber
480 3874 519 3938 G.
537 3874 692 3938 l'abricii'
715 3874 804 3937 kann
820 3871 1006 3956 unmtglich
1029 3873 1128 3935 etwas
1150 3870 1284 3934 anderes

142 3986 194 4049 als
217 3985 270 4049 ein
292 3984 484 4070 gedrucktes
505 3984 765 4067 Handexenrplar
791 3984 846 4047 des
872 3981 1009 4046 letztern
1037 3979 1180 4065 gemeint
1201 3978 1281 4041 sein.

141 4093 293 4179 Folglich
316 4093 512 4158 beschriinkt
533 4093 604 4158 sich
625 4092 825 4158 Camerarius
847 4091 980 4174 darauf,
1008 4110 1070 4154 von
1093 4088 1149 4152 der
1172 4088 1284 4152 beaten
1308 4081 1310 4087 ’

139 4206 253 4271 seiner
275 4204 389 4268 beiden
404 4204 658 4269 Handschriften
681 4204 751 4266 eine
773 4201 894 4265 nabere
915 4199 1011 4263 Notiz
1026 4221 1065 4262 zu
1082 4198 1197 4283 geben,
1220 4218 1283 4262 von

138 4317 203 4382 der
226 4314 361 4379 zweiten
384 4313 459 4378 aber
481 4336 540 4401 gar
554 4312 662 4379 nichts
678 4313 789 4378 weiter
803 4332 842 4373 au
858 4331 969 4395 sagen.
1002 4308 1139 4374 Keinem
1153 4307 1283 4376 Zweifel
