2992 4996
233 296 295 359 268
574 307 796 357 ouossuruvu
818 307 1033 354 rusvriuvu.

233 465 396 530 dationem
419 466 564 547 exparte
586 463 651 526 iam
662 460 830 545 Scioppius
853 460 1007 544 praeivit3
1030 463 1063 525 iu
1080 461 1171 525 libris
1187 461 1274 525 euim
1292 463 1374 525 vete-

232 576 321 640 ribus
344 567 449 640 estid
470 595 589 654 quoque
610 579 729 637 iuterim
750 575 883 650 sertatim.

318 684 359 748 88
368 706 414 764 pr
423 693 580 750 utinum:
596 682 713 747 Persae
725 681 782 765 IV,
795 683 826 764 5,
838 683 858 747 8
871 684 974 765 (680);
989 683 1061 746 vide
1073 684 1113 759 ad
1126 688 1145 764 ᾗ
1161 683 1208 747 15.
1227 682 1377 747 Levieulo

232 817 338 861 errore
360 794 440 858 haec
462 795 569 880 glossa
591 794 769 879 proximam
786 794 957 877 antecedit,
983 795 1032 858 eui
1054 795 1279 878 postponenda
1295 796 1375 857 erat.

317 906 358 970 89
374 928 541 987 prorsus
572 926 635 986 pro
656 912 816 969 contiuuo:
853 905 897 969 ib.
922 903 980 988 lv,
1017 905 1048 987 5,
1072 906 1203 988 51677)
1227 909 1378 971 Simulato

232 1022 321 1097 quusi
340 1038 394 1081 eos
410 1020 553 1098 prorsum
576 1024 607 1080 in
630 1037 745 1080 nauem.
770 1020 829 1078 SA.
865 1018 906 1080 ne'
925 1022 1008 1094 doce,
1033 1015 1087 1079 ubi
1110 1038 1219 1080 veram
1240 1017 1379 1100 seriptu-

232 1149 301 1190 ram
334 1127 529 1192 Deeurtatus
563 1148 635 1190 oum
667 1125 827 1191 Vaticano
860 1129 1045 1209 servarunt,
1084 1149 1155 1190 eum
1187 1127 1223 1191 in
1243 1126 1377 1208 Vetere,

233 1238 320 1303 ouius
343 1237 439 1301 simili
462 1238 570 1302 codiee
592 1236 844 1321 glossographus
866 1259 958 1318 usus,
996 1238 1151 1320 seriptum
1173 1237 1217 1302 sit
1232 1259 1377 1317 prorsus.

231 1348 269 1412 Id
303 1348 389 1412 enim
412 1348 473 1412 etsi
494 1370 560 1411 uon
583 1348 630 1410 ita
652 1345 824 1430 repudiant
845 1347 969 1410 numeri
992 1348 1070 1431 quiu
1093 1348 1131 1411 de
1153 1347 1380 1431 monosyllabo

232 1458 504 1524 uuoemvoeabulo
527 1458 669 1540 cogitare
691 1456 797 1539 liceat,
821 1465 942 1538 tamen,
966 1457 1029 1521 uisi
1051 1458 1105 1542 qui
1128 1458 1255 1522 artificii
1280 1481 1381 1542 quam

231 1569 448 1653 simplicitatis
469 1568 652 1632 studiosior
686 1568 861 1649 exstiterit,
899 1566 1090 1651 posthabere
1112 1591 1179 1633 uon
1202 1569 1378 1633 dubitabit.

232 1680 380 1744 Ceterum
414 1680 453 1743 de
484 1678 614 1763 gemina
632 1700 762 1759 prorsus
783 1681 816 1742 et
846 1700 990 1760 prorsum
1012 1679 1116 1742 forma
1138 1679 1210 1743 vide
1231 1702 1315 1763 quae
1337 1681 1380 1744 ad

232 1793 252 1870 ξ
277 1790 317 1853 73
341 1789 548 1853 commentati
582 1811 707 1872 sumus3
745 1790 785 1853 ad
807 1789 972 1852 notionem
994 1792 1100 1854 autem
1132 1790 1216 1874 quod
1244 1790 1378 1871 attinet,

232 1903 363 1963 nonest
384 1899 418 1963 in
431 1899 530 1963 Persa
549 1921 692 1980 prorsum
715 1898 793 1962 illud
817 1921 875 1983 pro
896 1907 1049 1983 continuo,
1073 1903 1110 1964 ut
1123 1899 1380 1985 glossographus

233 2009 287 2091 ait,
311 2010 367 2073 sed
388 2032 447 2094 pro
469 2031 506 2074 eo
528 2010 634 2094 potius
655 2010 739 2094 quod
762 2012 811 2073 est
832 2021 918 2074 recta
940 2010 990 2074 vel
1013 2022 1098 2075 recta
1121 2019 1170 2074 viu
1194 2011 1303 2094 (uobis
1323 2034 1379 2090 pe·

231 2126 407 2200 radewepa
441 2127 610 2203 prudezo),
649 2122 770 2204 pariter
798 2123 893 2204 atque
930 2121 998 2184 Mil.
1024 2120 1070 2184 lV
1078 2171 1086 2202 ,
1123 2121 1162 2202 4,
1201 2122 1242 2186 56
1266 2123 1379 2204 (1193)

232 2235 375 2296 Prorsum
398 2237 533 2296 Athenas
553 2235 706 2312 protinam
729 2236 824 2308 ubibo,
847 2230 902 2294 ubi
924 2231 986 2295 loei
1001 2231 1273 2315 significationem
1283 2255 1379 2312 pror-

231 2363 312 2424 sum,
350 2342 504 2426 temporis
521 2349 678 2423 protinam
701 2341 814 2424 habet,
852 2341 933 2405 haut
954 2341 1048 2405 aliter
1070 2345 1165 2425 atque
1187 2342 1222 2406 in
1246 2343 1378 2407 Afranii

232 2474 325 2516 versu
358 2453 398 2517 ad
431 2457 450 2533 ξ
476 2454 515 2517 15
549 2452 646 2516 allato
678 2459 816 2532 prolenis
850 2464 936 2517 rectu
969 2460 1019 2517 viu
1052 2458 1244 2530 uiqredimur
1265 2454 1380 2517 iuncta

232 2566 322 2645 sunt3
358 2601 401 2611 —-
436 2563 514 2627 item
535 2563 570 2626 iu
593 2561 750 2645 Adelphis
772 2561 835 2645 IV,
859 2563 896 2644 2,
922 2565 958 2626 11
985 2563 1072 2645 (550)
1095 2569 1162 2627 eide
1184 2585 1222 2626 ne
1244 2571 1295 2627 ille
1318 2571 1380 2629 lme

225 2693 358 2752 prorsus
390 2695 421 2737 se
453 2680 568 2737 inruat.
623 2672 746 2736 Eodem
779 2676 888 2737 tamen
922 2695 988 2736 non
1015 2674 1094 2736 satis
1117 2676 1202 2737 reete
1225 2672 1379 2739 Haudius

232 2782 405 2846 Tursellini
428 2786 451 2846 t.
475 2782 523 2846 IV
545 2805 576 2866 p.
601 2785 662 2847 617
686 2782 810 2846 rettulit
833 2783 929 2846 etiam
952 2783 1030 2848 (list.
1053 2783 1111 2865 IV,
1146 2784 1182 2865 2,
1206 2784 1249 2848 32
1273 2787 1381 2867 Ne'que

230 2913 370 2971 prorsum
393 2900 443 2957 iit:
479 2895 528 2958 11ιό
549 2901 647 2958 stetit:
668 2895 740 2958 hine
762 2900 834 2958 illuc
856 2897 981 2978 e'ae'd*),
1013 2894 1069 2958 ubi
1085 2915 1233 2975 prorsum
1255 2897 1380 2981 simpli-

233 3024 301 3066 cem
334 3012 485 3067 oorwdrts
507 3004 671 3067 notionem
694 3008 825 3088 aequat,
864 3006 901 3066 ut
923 3004 957 3067 in
980 3027 1101 3069 rursum
1119 3026 1266 3085 prorsum
1291 3007 1379 3091 apud

232 3111 417 3176 Terentium
438 3111 518 3176 Hes.
542 3112 601 3195 ΙΙΙ,
638 3115 665 3197 1,
689 3115 731 3179 35
754 3116 853 3197 (315),
887 3137 976 3178 rusus
993 3137 1105 3194 prosus
1127 3114 1160 3179 iu
1183 3114 1286 3179 Ennii
1310 3119 1379 3182 Au·

232 3223 382 3287 dromeda
404 3245 432 3287 v.
458 3224 520 3286 104
543 3222 593 3307 u,
617 3247 723 3288 rursus
745 3245 783 3288 uc
802 3245 930 3304 prorsus
952 3225 985 3287 111
1002 3222 1156 3288 Varronis
1171 3247 1267 3289 versu
1292 3229 1378 3311 apud

231 3332 372 3397 Nonium
395 3356 426 3416 p.
450 3334 531 3416 384,
567 3356 627 3399 nou
652 3356 780 3414 prorsus
802 3355 903 3398 verum
926 3346 1120 3398 transversus
1141 3333 1296 3401 Pseuduli
1319 3337 1377 3420 lv,

234 3446 262 3526 1,
295 3444 338 3508 45
361 3443 459 3525 (955).
506 3444 557 3507 Ad
582 3443 779 3562 consimilem
801 3443 953 3527 temporis
976 3444 1150 3525 notionem,
1185 3449 1221 3508 ut
1244 3447 1289 3510 sit
1312 3455 1378 3513 tin·

227 3557 296 3630 fort
317 3557 478 3637 nostrum,
518 3554 614 3618 semel
637 3558 765 3617 tautum
787 3553 977 3617 translatum
1000 3554 1075 3637 vidi,
1106 3554 1329 3622 Mostellariae
1351 3559 1377 3641 l,

231 3665 262 3746 3,
295 3664 355 3728 149
377 3666 465 3747 (307)
505 3670 563 3740 Oui
583 3666 726 3740 riroident,
751 3686 912 3743 numquam
934 3663 1037 3728 eorum
1060 3673 1218 3744 quisquam
1241 3670 1380 3732 invideat

227 3796 338 3854 prosus
359 3777 529 3840 commodis.

299 3979 324 4044 ³¹³)
343 3977 466 4032 Creticos
485 3978 559 4032 enim
577 3977 775 4033 describendos
792 3978 897 4048 putavi,
917 3978 945 4031 iu
964 3995 1019 4046 quo
1037 3995 1153 4032 numero
1171 3981 1304 4049 pergitur
1323 3984 1380 4041 Hic

231 4073 385 4129 couciliam‘
399 4074 465 4141 suit,
484 4071 524 4128 (id
540 4074 612 4127 cluos
631 4072 740 4129 (illinet.
764 4073 796 4125 In
810 4072 910 4127 Vetere
923 4070 1055 4141 seriptum
1075 4072 1127 4126 fuit
1145 4074 1274 4143 aprima
1293 4094 1379 4129 manu

231 4167 327 4234 Neque
343 4166 511 4233 prussrimiit
529 4166 590 4220 hae.
612 4165 659 4221 bic
677 4170 765 4233 stelit,
785 4167 832 4220 sed
852 4168 882 4219 ut
900 4184 917 4220 a
934 4166 1055 4220 seeundo
1073 4166 1219 4220 suffectum
1237 4167 1276 4221 sit
1290 4189 1376 4237 pror-

231 4275 294 4314 sum
312 4261 352 4314 iu.
387 4258 520 4311 Additum
540 4258 582 4310 est
598 4259 654 4314 liae
671 4259 707 4311 ab
727 4274 759 4311 eo
779 4259 825 4326 qui
843 4259 986 4329 propriam
1009 4254 1147 4328 prorsum
1170 4260 1302 4313 vocabuli
1319 4260 1376 4314 vim

230 4367 286 4405 non
303 4351 479 4419 perspiceret.
