2970 4996
470 343 692 391 enossrruvu
715 341 929 390 sulvrrrvu.
1208 325 1271 389 239

129 499 214 562 modi
254 518 341 561 error
376 497 404 559 si
440 500 582 580 serperet
615 496 759 580 longius,
798 495 967 577 paullatim
1003 496 1109 579 potuit
1141 495 1174 558 iu
1208 494 1272 558 XII

130 608 359 693 posterioribus
398 609 507 670 tantas
546 605 659 669 turbas
691 627 875 689 procreare,
918 609 1057 689 quantas
1091 627 1162 669 cum
1195 605 1272 669 ordo

129 719 176 783 IV
210 721 243 782 et
275 717 306 780 V
339 719 500 780 testantur
538 719 607 779 tum
645 717 752 799 ipsum
790 715 981 801 glossarium
1021 719 1176 780 nostrum.
1231 715 1271 779 In

130 851 190 913 quo
212 829 298 912 quod
319 827 488 913 Epidicum
511 826 631 910 excipit
652 826 864 908 Menaechmi,
887 827 921 890 id
941 827 1048 910 ipsum
1070 847 1270 910 nequaquam

130 939 308 1003 solitarium
330 941 388 1020 est,
412 937 467 1000 sed
490 936 635 1020 exempla
657 936 755 1000 habet
777 937 874 1000 trium
898 936 1042 1000 codicum
1064 958 1178 1000 novem
1200 940 1271 1000 tan-

130 1052 198 1112 tum
220 1048 346 1113 fabulas
370 1046 653 1131 complectentium
674 1046 707 1109 h.
732 1069 759 1110 e.
783 1050 855 1120 octo
870 1047 1029 1131 prioribus
1045 1046 1271 1111 Menaechmos

131 1159 350 1244 iungentium:
385 1157 552 1222 Vrbinatis
574 1158 637 1222 655
658 1179 755 1240 supra
777 1157 842 1220 iarn
866 1158 1114 1240 commemorati,
1139 1157 1271 1222 Ottobo·
1294 1162 1311 1211 l

131 1270 221 1334 niani
247 1271 326 1334 1697
350 1273 383 1332 et
396 1268 555 1332 Perusini.
573 1305 615 1315 -
635 1266 787 1351 Reliquas
810 1271 916 1332 autem
938 1268 1076 1351 fabulas,
1101 1272 1273 1352 quaesunt

131 1380 268 1464 priores,
293 1382 428 1463 apparet
449 1381 500 1441 sat
521 1381 609 1442 recte
631 1378 665 1441 in
688 1378 798 1442 eodem
820 1378 876 1442 illo
898 1378 1055 1463 glossario
1077 1401 1145 1443 esse
1169 1379 1273 1462 dispo·

131 1491 225 1553 sitas:
264 1489 390 1573 quando
412 1488 607 1572 Amphitruo
635 1488 732 1551 simili
756 1510 848 1571 casu,
883 1492 979 1572 atque
1000 1491 1035 1552 in
1058 1489 1272 1553 Ambrosiano

135 1600 253 1664 accidit
275 1602 308 1663 et
329 1599 490 1663 Vaticano
515 1600 611 1683 1633,
635 1599 741 1682 potuit
763 1621 782 1661 a
802 1599 962 1683 principio
985 1599 1109 1663 divulsa
1129 1600 1192 1684 ipsi
1214 1600 1271 1663 fini

131 1711 368 1775 adhaerescere.
402 1708 486 1772 Nam
509 1709 570 1772 etsi
592 1711 758 1793 praeterea
781 1708 908 1793 inipso
930 1689 1024 1773 initio
1045 1710 1194 1794 glossarii
1216 1710 1272 1774 ali·

132 1821 207 1906 quid
230 1843 307 1901 sane
329 1820 493 1883 turbatum
516 1823 575 1902 est,
598 1823 707 1883 tamen
730 1819 762 1882 id
779 1819 818 1883 ad
834 1821 978 1884 ordinem
992 1820 1176 1884 fabularum
1191 1819 1274 1884 nihil

132 1933 284 2016 pertinet,
308 1930 362 1994 sed
384 1930 425 1993 ad
446 1930 626 2014 glossarum
648 1930 754 2013 potius
777 1934 810 1994 et
831 1931 997 1994 nominum
1018 1935 1166 1995 mutuum
1188 1933 1273 1995 inter

132 2064 201 2106 sese
223 2041 377 2105 ordinem.
423 2041 570 2124 Apparet
591 2041 693 2124 enim,
726 2041 780 2125 qui
802 2041 882 2106 haec
904 2041 1055 2105 adverbia
1077 2045 1271 2127 excerperet,

133 2153 268 2216 iterem
290 2152 483 2234 instituisse,
514 2154 552 2214 ut
573 2151 652 2235 ipsis
674 2151 826 2235 exemplis
848 2152 1072 2235 praemitteret
1091 2153 1273 2217 fabularum

133 2263 280 2326 nomina:
317 2283 449 2345 eamque
483 2261 640 2325 rationem
662 2265 791 2345 praeter
812 2284 912 2325 unum
934 2261 1063 2326 initium
1086 2267 1273 2327 constanter

133 2377 292 2437 servatam
322 2371 475 2435 ridemus.
520 2370 584 2435 Hic
612 2372 699 2436 enim
721 2376 777 2435 aut
798 2372 867 2455 ipse
890 2375 946 2435 aut
968 2371 1083 2456 aliquis
1105 2373 1272 2456 postmodo

134 2483 283 2548 librarius
315 2483 458 2546 animum
484 2482 611 2546 induxit
633 2482 828 2547 contrarium
850 2482 995 2546 ordinem
1017 2483 1107 2567 sequi
1114 2533 1122 2566 ,
1161 2483 1273 2547 sedin

134 2615 171 2657 eo
193 2592 326 2657 consilio
348 2615 413 2656 non
435 2593 609 2677 persistens
632 2593 743 2656 statim
759 2592 799 2656 ad
814 2592 950 2656 alterum
966 2592 1070 2656 rediit.
1104 2592 1274 2657 Pertinent

134 2704 219 2768 enim
237 2710 398 2784 paulisper
420 2711 567 2784 tantisper
588 2704 714 2789 glossae
736 2702 776 2766 ad
792 2701 992 2767 Asinariam:
1015 2724 1207 2788 quamquam
1226 2705 1274 2768 in-

134 2815 281 2879 vertendi
303 2813 422 2878 ordinis
446 2813 713 2878 consiliumillud
736 2813 827 2877 simul
852 2813 912 2877 hoc
935 2814 1056 2897 effecit,
1090 2818 1215 2879 utnon
1238 2835 1274 2879 eo

134 2927 188 3010 qui
210 2927 244 2989 in
267 2924 366 3008 ipsius
387 2925 517 2989 fabulae
540 2925 787 2989 continuitatem
809 2924 960 2989 convenit
981 2925 1092 2989 ordine
1107 2947 1176 2990 sese
1192 2925 1274 2990 exei-

134 3037 227 3121 piant
258 3041 418 3115 paulisper
439 3043 587 3115 tantisper
615 3041 780 3110 blanditer,
818 3057 898 3119 quae
920 3036 967 3099 sic
988 3036 1094 3120 potius
1117 3036 1274 3101 collocan-

134 3148 194 3210 dae
217 3149 324 3211 erant:
346 3152 497 3211 blanditer
519 3146 560 3231 (I,
576 3147 607 3229 3,
624 3147 692 3229 69),
715 3154 863 3225 tantisper
889 3145 962 3231 (lII,
979 3148 1010 3229 3,
1027 3147 1094 3233 96),
1115 3154 1275 3228 paulisper

135 3257 190 3342 (V,
214 3257 245 3339 2,
268 3257 335 3341 30).
380 3256 464 3321 Nam
487 3257 584 3321 etiam
606 3257 660 3340 qui
682 3257 811 3341 longius
832 3257 935 3340 petita
957 3257 1140 3321 coniectura
1160 3264 1274 3337 paulis·

130 3390 190 3449 per
212 3374 362 3447 tantisper
383 3389 475 3432 voces
498 3368 561 3431 huc
582 3367 755 3450 inrepsisse
778 3390 795 3431 e
816 3391 846 3432 r.
863 3369 883 3432 3
898 3368 1088 3452 suspicetur,
1112 3368 1168 3432 ubi
1183 3372 1274 3452 potu-

135 3480 220 3543 erint
242 3477 359 3541 allatae
382 3500 449 3542 esse
472 3477 729 3561 eBacchidibus,
752 3479 921 3543 rectiorem
943 3478 1087 3542 ordinem
1108 3500 1175 3543 non
1195 3500 1274 3544 nan·

135 3591 290 3671 ciscatur,
326 3610 396 3652 cum
418 3588 452 3652 in
475 3588 536 3652 hac
557 3587 669 3652 fabula
688 3595 846 3669 paulisper
866 3589 995 3674 legatur
1016 3588 1081 3672 III,
1111 3590 1146 3673 3,
1180 3590 1219 3653 12
1242 3593 1275 3654 et

135 3701 194 3782 82,
224 3705 373 3778 tantisper
394 3698 443 3782 ΙΙ,
473 3700 509 3781 3,
541 3700 610 3763 166.
660 3698 733 3762 Nisi
754 3699 838 3763 forte
860 3699 901 3763 ad
923 3699 1124 3783 deperditum
1144 3700 1274 3764 fabulae

136 3809 263 3874 initium
284 3808 363 3872 illud
379 3816 540 3889 paulisper
560 3809 672 3873 itidem
694 3809 830 3892 referas,
864 3813 988 3874 utnon
1010 3812 1117 3893 potest
1139 3831 1204 3873 non
1226 3811 1275 3874 in-

135 3920 241 3985 didem
264 3923 448 4003 excerptum
471 3941 539 3983 esse
561 3941 687 3985 naeuurn
707 3942 768 4000 pro
790 3941 863 3984 non.
907 3918 992 3983 Nam
1014 3919 1077 3983 huc
1093 3922 1129 3983 ut
1143 3920 1275 3984 tandem

135 4032 318 4114 deveniam,
353 4030 579 4113 antiquitatem
600 4030 744 4094 Plautini
766 4030 914 4114 glossarii
936 4029 1073 4093 maxime
1095 4029 1157 4094 hoc
1177 4032 1274 4095 testa—

134 4146 204 4226 tur,
238 4141 322 4226 quod
355 4162 421 4205 non
453 4144 581 4204 tantum
602 4140 802 4205 Vidulariam
823 4139 909 4205 illius
932 4140 1069 4225 scriptor
1089 4140 1185 4226 legit,
1219 4141 1275 4205 sed

135 4250 234 4314 etiam
256 4248 541 4335 Amphitruonem,
576 4251 753 4316 Bacchides
786 4251 873 4337 (cum
895 4251 1078 4334 Aulularia,
1114 4251 1175 4315 etsi
1198 4273 1274 4317 casu

135 4362 259 4427 factum
281 4363 318 4423 ut
340 4382 378 4426 ex
400 4363 467 4427 eius
490 4363 576 4426 exitu
598 4384 686 4426 nuno
708 4363 870 4446 deperdito
885 4362 966 4427 nihil
983 4365 1204 4448 expromptum
1218 4365 1274 4452 sis)
