2986 5004
255 350 319 424 242
596 364 818 424 oiossimvn
840 370 1054 459 runvrmvn.

257 536 353 594 donec
374 551 435 609 qao
457 528 500 592 ib.
523 528 589 611 ΙΠ,
613 529 644 611 6,
667 528 710 594 32
733 528 840 614 (812),
865 529 1068 613 eiusdemque
1090 529 1220 612 generis
1243 525 1403 608 Terentii,
1432 548 1434 550 ·

257 645 398 705 donicum
432 639 555 703 formae
578 639 709 703 omnino
730 639 848 725 ignari,
884 639 1030 723 exempla
1052 642 1128 702 sunt
1150 638 1274 701 omnia:
1309 644 1406 702 donec

251 757 405 831 perpulit,
430 756 460 814 d.
484 755 625 828 redierit,
651 757 681 814 d.
706 757 782 828 iam,
818 756 848 814 d.
867 753 1047 829 perfecero,
1073 756 1103 813 d.
1127 755 1183 812 tihi
1189 773 1196 811 ε
1233 771 1296 833 quo
1324 748 1406 812 adde

257 867 352 925 donce
364 868 579 940 persenserint,
604 867 701 933 donec
722 867 849 925 retulisti
869 860 953 944 apud
966 860 1101 924 Accium
1117 882 1145 923 v.
1158 859 1210 922 26.
1230 858 1402 923 11611161).

257 969 360 1035 Semel
383 973 510 1034 tantum
533 971 735 1055 trisyllabam
756 972 893 1034 formam
914 970 1050 1034 Plautus
1074 973 1150 1033 ante
1167 956 1404 1033 consonantem

257 1080 402 1165 admisit,
438 1081 493 1145 sed
526 1082 560 1145 in
583 1104 691 1146 versus
721 1082 824 1163 exitu,
855 1081 905 1145 cui
929 1081 992 1145 alia
1014 1102 1083 1145 esse
1105 1079 1284 1164 singularia
1308 1081 1351 1163 (e.
1377 1103 1405 1143 c.

253 1199 397 1273 poculum
417 1198 587 1272 periculum
609 1192 743 1276 formas)
767 1213 920 1256 concessa
953 1194 1096 1272 constat,
1131 1190 1352 1254 Mostellariae
1374 1212 1404 1253 v.

257 1323 283 1365 s.
307 1325 332 1366 0.
357 1305 495 1367 donicum
518 1305 663 1367 Parietes.
709 1301 907 1386 Quamquam
930 1304 963 1365 et
985 1304 1060 1365 ante
1082 1299 1233 1364 Plautum
1263 1306 1406 1368 corticum

258 1418 370 1477 videbis
391 1411 500 1476 Livius
524 1412 604 1477 dixit
626 1412 711 1496 apud
724 1410 904 1477 Charisium
926 1435 956 1496 p.
983 1412 1042 1475 197
1059 1410 1098 1474 Κ.
1123 1414 1156 1474 et
1177 1414 1306 1494 praeter
1330 1432 1404 1493 poe

257 1521 317 1585 sim
340 1525 509 1606 utrumque
531 1521 638 1586 licuit:
667 1522 818 1586 Plautino
841 1523 913 1586 usui
936 1521 1164 1585 convenienter
1186 1525 1329 1584 donicum
1353 1527 1406 1583 ille

260 1632 344 1716 apud
368 1631 524 1697 Catonem
557 1633 698 1697 eiusdem
721 1632 857 1698 Charisii
891 1636 924 1697 et
952 1639 1091 1696 donicum
1126 1638 1156 1724 iro
1183 1651 1283 1695 semen
1307 1630 1348 1694 de
1371 1651 1407 1693 re

258 1746 339 1806 rust.
364 1764 392 1807 c.
418 1743 489 1826 161,
512 1743 544 1826 3,
568 1743 772 1827 solitarioque
794 1743 939 1827 exemplo
962 1743 996 1806 in
1012 1740 1148 1824 Nepotis
1170 1739 1358 1805 Hamilcare
1376 1742 1406 1821 1,

257 1854 443 1916 4donr‘cam
465 1865 535 1917 cat:
569 1853 624 1917 sed
656 1854 691 1917 in
719 1853 829 1917 eodem
852 1852 983 1918 Catonis
1007 1851 1088 1915 libro
1111 1857 1251 1915 donicum
1275 1858 1407 1915 solmam

260 1985 287 2026 c.
316 1962 385 2045 146,
409 1962 440 2044 2,
465 1969 607 2028 donicum
624 1971 788 2043 pecaniam
813 1963 884 2046 149,
918 1964 948 2026 2.
973 2001 1014 2010 -
1036 1961 1164 2026 Tertiae
1187 1967 1322 2040 donique
1343 1961 1408 2024 for·

257 2094 330 2135 mae
364 2072 410 2158 (h.
435 2094 463 2136 c.
487 2073 611 2136 mediae
633 2095 650 2136 e
671 2076 852 2156 temporum
873 2073 1010 2154 ratione,
1045 2075 1201 2156 quantum
1233 2071 1407 2155 intellego)

258 2181 407 2246 Lucretio
431 2183 472 2246 ab
487 2182 696 2246 Lachmanuo
718 2184 888 2247 restitutae
910 2182 953 2265 ll,
981 2181 1061 2245 1116
1077 2188 1215 2261 Doaiqac
1238 2188 1282 2245 od
1304 2195 1407 2246 extre·

258 2313 347 2371 mum,
383 2292 424 2375 V,
460 2295 521 2358 708
545 2299 683 2373 nonique
710 2315 785 2373 earn,
821 2293 882 2357 723
906 2298 1044 2372 Denique
1066 2313 1141 2369 com,
1178 2292 1239 2355 997
1264 2297 1408 2371 Doniqoc

261 2424 321 2485 coc,
345 2403 563 2467 restituendae
585 2403 671 2467 haud
693 2403 788 2466 dubie
811 2404 908 2466 etiam
930 2402 973 2485 ΙΙ,
1010 2403 1092 2466 1130
1114 2407 1217 2466 Donec
1239 2409 1405 2480 alescendi,

258 2512 299 2595 V,
324 2513 385 2577 687
410 2519 511 2578 Donec
533 2520 576 2577 cd
597 2521 640 2595 io,
664 2513 725 2577 877
742 2518 845 2576 Donec
860 2517 905 2575 od
924 2520 1088 2593 interitum,
1112 2511 1236 2575 nullum
1258 2513 1295 2576 in
1312 2513 1407 2577 comi-

260 2643 368 2686 corum
390 2623 481 2687 libris
502 2624 685 2708 vestigium.

343 2733 557 2798 broccum:
602 2733 787 2797 Aululariae
813 2732 840 2814 I,
876 2736 904 2814 1,
936 2733 978 2796 28
1002 2735 1135 2798 Noenum
1158 2746 1312 2798 mecastor
1334 2734 1408 2812 quor

259 2863 315 2920 epo
337 2863 390 2906 cro
413 2842 489 2927 (sic,
520 2864 587 2906 non
608 2848 682 2908 bero
704 2865 769 2922 epo,
795 2842 910 2927 Vetus)
933 2847 1033 2907 dicam
1055 2865 1119 2908 mco
1142 2846 1254 2907 Moloe'
1273 2852 1322 2907 rei
1341 2865 1404 2908 evc-

260 2952 338 3015 nisse
370 2973 496 3030 quamrc
527 2956 691 3026 insoniam,
732 2959 810 3029 Quen
832 2957 1025 3018 co'mnrr'nr'sci.
1082 2953 1144 3017 Vbi
1168 2952 1272 3019 Vetus
1307 2954 1404 3017 codex

459 3054 556 3104 pron

260 3102 434 3168 Camerarii
458 3109 522 3169 Noc
543 3127 625 3169 nunc
648 3105 743 3189 (nihil
766 3107 866 3192 aliud)
899 3106 1013 3190 habet,
1048 3107 1222 3170 deteriores
1252 3129 1292 3171 ne
1313 3128 1401 3181 nanc,

259 3235 316 3279 nec
337 3237 432 3292 nunc,
468 3236 528 3278 000
550 3238 646 3297 nunc,
671 3238 726 3279 neo
747 3219 826 3299 ratim,
850 3239 1046 3298 scertamen,
1070 3204 1209 3301 quidam*
1222 3216 1287 3280 nisi
1309 3216 1403 3279 fallor

260 3325 358 3388 etiam
380 3346 440 3389 non
461 3333 550 3389 enim.
602 3327 632 3388 A
654 3324 772 3389 Vetere
799 3327 900 3411 igitur
933 3329 1095 3410 profectus
1119 3327 1290 3411 Scioppius
1313 3326 1401 3408 Susp.
1443 3384 1460 3397 ,

259 3434 333 3498 lect.
357 3433 398 3517 V,
424 3435 461 3498 17
484 3457 593 3499 nerum
617 3435 690 3520 (sic)
713 3436 834 3520 primus
857 3437 1048 3500 restituebat
1070 3436 1149 3500 duce
1165 3436 1273 3500 Nonio
1294 3460 1325 3520 p.
1344 3436 1401 3499 143
1418 3447 1460 3505 ἑ

261 3567 308 3629 sq.
343 3583 385 3591 —
417 3543 540 3608 Eadem
562 3566 689 3609 noenum
719 3546 826 3630 glossa
862 3568 933 3610 cum
956 3550 976 3627 ξ
1001 3548 1018 3610 7
1042 3546 1126 3610 redit
1149 3569 1166 3609 e
1189 3545 1460 3612 Bacchidibus&

261 3658 428 3738 excerpta,
458 3655 559 3719 multo
580 3655 659 3719 mihi
682 3655 878 3739 probabilius
901 3660 951 3720 est
973 3660 1120 3740 spectare
1142 3655 1175 3719 id
1199 3656 1239 3720 ad
1263 3656 1414 3740 deperdi—
1426 3664 1460 3725 i

260 3769 330 3828 tum
365 3769 462 3850 caput
494 3766 561 3829 eius
593 3765 722 3828 fabulae
755 3787 867 3849 quam,
902 3789 964 3850 quo
993 3766 1221 3830 Lachmannus
1255 3767 1460 3832 innuet-1

261 3899 293 3960 p.
320 3875 381 3940 150
402 3875 572 3959 referebat,
597 3876 637 3938 ad
652 3874 709 3956 IV,
733 3877 764 3957 4,
789 3875 831 3938 84
853 3877 960 3961 (736);
983 3877 1038 3940 ubi
1061 3880 1117 3940 aut
1140 3877 1336 3940 commodius
1351 3898 1460 3941 ann

259 4008 325 4049 non
359 3985 465 4050 minus
497 3985 659 4050 commode
692 3992 766 4064 quia
799 3987 857 4049 no'n
891 3998 920 4049 tc
953 3990 1206 4064 defraudrr'ocm'm
1229 3986 1460 4052 Camerarit

260 4116 356 4159 suasu
377 4096 415 4159 fit
436 4118 453 4159 c
475 4103 548 4175 quia
569 4117 627 4160 non
643 4109 671 4160 tc
688 4082 914 4174 fraudaverim,
939 4118 1034 4180 quam
1049 4097 1262 4161 Lachmanno
1276 4102 1460 4162 auctom

261 4213 333 4283 quia
354 4209 484 4270 noc'num
506 4219 535 4269 te
553 4209 778 4282 fraudaverim.
812 4245 855 4253 —
889 4205 1037 4271 Ceterum
1065 4210 1139 4290 post
1160 4208 1256 4271 huius
1279 4209 1460 4272 doctrin:

262 4313 511 4398 disputationem
547 4315 611 4377 tria
643 4337 727 4378 nova
764 4316 909 4399 exempla
945 4338 1074 4381 noenum
1102 4339 1201 4381 noenu
1228 4319 1460 4382 formatur]

262 4423 404 4486 videmur
425 4425 527 4506 felici,
558 4446 750 4507 quamquam
773 4449 810 4489 ex
833 4430 925 4508 parte
947 4427 1043 4490 dubia
1067 4428 1252 4492 coniectura
1275 4428 1392 4493 loamn
1410 4423 1460 4484 i
