2948 4994
452 355 673 405 anossrarvu
695 356 909 404 rsavrnsvn.
1190 338 1254 402 259

112 510 200 572 Nune
211 509 294 571 scibis
304 509 403 572 simeln
419 515 520 572 omnia
531 511 610 572 hoe'e
620 511 816 573 exciderunt:
832 509 885 571 ubi
901 514 985 573 nobis
995 513 1166 572 communia
1177 511 1253 572 haec

111 616 194 682 libri.
228 615 332 704 [Adde
347 616 535 682 Buecheleri
550 619 585 682 in
601 618 682 683 Mus.
700 618 763 682 Rh.
777 617 838 682 XV
855 641 886 702 p.
899 619 963 682 430
978 616 1251 706 disput-ationem]

196 729 237 791 72
259 741 444 808 quotumo:
472 728 587 793 Pseud.
611 729 669 812 IV,
688 731 730 811 7,
755 731 794 794 77
818 729 929 815 (1173)
953 732 1092 808 quotumo'
1115 735 1164 794 die
1191 727 1253 795 'Es

110 844 242 905 Sicanae
251 844 311 904 hue
328 842 518 920 pervenisti?
539 840 625 904 inter
647 840 798 904 adverbia
820 841 959 924 positum
982 863 1001 904 a
1023 840 1254 925 glossographo

111 973 176 1015 non
205 951 311 1015 minus
339 950 451 1036 pingui
482 973 587 1016 errore
609 974 705 1035 quam
727 972 789 1035 quo
814 973 911 1036 supra
933 955 953 1033 ξ
974 952 1018 1016 45
1040 956 1252 1031 usquemodo.

197 1063 238 1127 73
260 1084 396 1128 rursus
420 1085 492 1127 oum
513 1063 598 1126 inter
620 1083 729 1126 versus
754 1063 835 1127 1173
858 1066 890 1126 11
908 1061 1071 1126 129011011
1093 1065 1196 1127 exstet
1217 1062 1252 1127 in

60 1211 77 1237 0
112 1172 286 1257 Pseudulo,
327 1174 366 1237 de
404 1172 521 1238 11111111
554 1173 662 1256 aliqua
702 1172 769 1236 eius
805 1172 935 1238 fabulae
969 1173 1148 1258 suspicatus
1182 1196 1253 1237 sum

112 1285 214 1369 praef.
238 1308 269 1370 p.
294 1283 351 1348 XI.
395 1283 468 1348 Nisi
495 1284 534 1347 de
556 1283 692 1348 traiecta
713 1306 772 1369 per
793 1306 932 1349 errorem
954 1284 1062 1370 glossa
1085 1285 1252 1370 cogitabis,

113 1417 193 1480 qnae
216 1399 365 1478 excerpta
387 1395 430 1458 sit
452 1416 470 1458 1
491 1416 585 1459 versu
606 1370 666 1477 ΙΙΙ,
690 1396 721 1478 2,
745 1395 787 1459 82
810 1396 897 1477 (870)
923 1400 1014 1472 Quem
1037 1394 1172 1479 (Peliam
1188 1396 1253 1460 Me-

114 1506 186 1588 dea)
207 1509 424 1571 medicamento
446 1517 475 1569 et
496 1503 558 1570 sniis
579 1512 699 1570 venenis
717 1507 835 1570 'ds'er'tur
857 1508 976 1572 Fecisse
996 1528 1102 1572 rursus
1123 1509 1164 1572 e'x
1182 1529 1254 1572 sene

114 1618 386 1683 adulescentulum:
408 1616 463 1679 ubi
485 1637 594 1680 rursus
615 1637 696 1679 unus
719 1617 859 1681 servavit
881 1617 1113 1682 Ambrosianus
1135 1639 1193 1701 pro
1216 1640 1252 1681 so

114 1725 196 1812 quod
208 1727 243 1792 in
256 1727 420 1792 Palatinos
433 1726 570 1810 inrepsit
586 1748 718 1791 rursum.
742 1726 812 1792 Nee
823 1728 909 1792 enim
922 1730 961 1792 de
973 1728 1075 1792 nihilo
1097 1731 1148 1792 est
1169 1726 1252 1812 quod

113 1839 147 1902 in
169 1841 262 1902 tanta
284 1838 466 1922 frequentia
486 1857 617 1902 rursum·
630 1838 691 1919 (vel
707 1860 835 1912 russum,
851 1840 997 1923 11111111)
1012 1839 1134 1910 formae
1149 1840 1253 1924 ipsam

113 1972 219 2015 rursus
240 1949 373 2034 dignam
395 1948 508 2013 habuit
529 1947 780 2033 glossographus
801 1971 896 2034 qnam
912 1954 1096 2034 excerperet
1110 1950 1251 2015 omnino.

113 2058 198 2123 Nam
229 2064 357 2144 praeter
387 2059 478 2122 illum
499 2058 649 2123 Pseuduli
681 2081 805 2124 versum
838 2083 937 2124 unum
968 2064 1157 2144 tantum**)
1186 2062 1253 2125 eius

114 2171 235 2234 formae
268 2174 344 2234 ante
382 2169 524 2233 vooalem
561 2167 719 2234 admissae
758 2170 937 2255 exemplum
971 2193 1102 2255 prorsus
1131 2175 1253 2236 sertum

113 2302 171 2364 per
192 2279 358 2344 Plautinas
390 2279 518 2343 fabulas
553 2279 668 2364 viginti
703 2283 821 2345 exstat:
870 2280 989 2346 Persae
1011 2281 1043 2364 Ι,
1065 2282 1097 2363 2,
1124 2280 1163 2344 19
1185 2283 1252 2362 (71)

117 2393 275 2455 7111171111
291 2397 343 2455 ille
357 2397 406 2455 illi
418 2392 525 2455 rursus
547 2393 654 2455 iniciat
674 2411 812 2456 manum:
837 2391 926 2454 ouius
949 2413 1058 2454 versus
1081 2390 1251 2474 scriptura,

115 2501 292 2565 eommunis
325 2523 362 2565 ea
395 2501 549 2565 librorum
580 2499 733 2582 omnium,
767 2522 834 2564 non
868 2501 957 2565 video
990 2501 1107 2585 quibus
1130 2500 1253 2564 artibus

113 2611 280 2676 sollicitari
301 2611 412 2696 possit.
446 2650 490 2660 -
523 2612 610 2676 Ante
644 2615 874 2676 consonantem
907 2614 1014 2675 autem
1048 2633 1120 2675 oum
1148 2632 1254 2676 rursus

113 2722 218 2786 forma
249 2722 284 2785 in
316 2723 394 2807 ipsis
427 2721 518 2787 libris
551 2723 594 2786 sit
625 2722 806 2806 rarissima,
829 2725 897 2785 tum
919 2720 1029 2785 neseio
1052 2743 1136 2785 1111
1159 2725 1253 2805 poeta

112 2853 243 2916 prorsus
276 2833 319 2896 sit
350 2832 573 2897 abindioanda.
629 2830 719 2908 Quod
753 2837 789 2897 ut
810 2833 962 2917 suspicer,
987 2832 1125 2915 primum
1147 2832 1254 2896 multi·

180 2986 206 3054 *)
224 2985 266 3039 De
284 2985 337 3039 hae
353 2983 552 3054 pronuntiandi
570 2984 763 3053 scribendique
782 2984 928 3052 varietate,
947 3001 1018 3052 quae
1036 2983 1122 3039 1111111
1140 2984 1255 3039 1111111-
1303 3034 1304 3038 ,

113 3077 277 3133 1111111111
298 3077 423 3148 pertinet
444 3077 506 3147 (nisi
529 3078 604 3146 quod
626 3081 721 3133 tamen
745 3096 830 3137 sosas
852 3096 949 3136 uosum
972 3081 1096 3136 odessus
1119 3082 1255 3137 oduosum

113 3187 176 3226 omn
194 3170 330 3240 parilibus
348 3189 485 3240 nusquam
508 3172 641 3241 seriptum
659 3172 739 3241 vidi),
758 3172 863 3226 dietum
881 3179 925 3226 est
941 3171 1050 3241 Proleg.
1070 3189 1096 3240 p.
1116 3170 1184 3238 CIV,
1207 3172 1256 3227 ubi

113 3264 304 3319 plautinorum
322 3265 456 3320 librorum
478 3265 606 3334 exempla
624 3267 766 3334 composui
784 3266 889 3320 omnia:
913 3280 968 3334 qno
986 3265 1059 3319 adde
1076 3264 1146 3318 Mus.
1166 3265 1254 3319 Rhea.

112 3357 179 3411 VIII
196 3376 224 3427 p.
245 3364 293 3414 156
311 3359 373 3414 adn.
411 3358 518 3428 Tetigit
534 3358 611 3412 illam
631 3357 716 3412 etiam
733 3359 925 3414 Lachmannus
942 3357 972 3412 in
988 3359 1068 3412 Luor.
1087 3378 1115 3428 p.
1129 3363 1186 3413 144.

181 3452 222 3520 *1)
240 3451 313 3506 Nam
331 3451 541 3522 Amphitruonis
559 3469 653 3506 versus
672 3452 705 3517 II,
724 3459 748 3518 2,
768 3457 816 3506 165
835 3454 905 3520 (797)
924 3451 1034 3506 1111111
1052 3468 1118 3505 sane
1135 3450 1256 3522 scriptus

112 3546 155 3599 111
172 3543 202 3597 in
219 3544 355 3599 Vaticano
367 3544 515 3599 Vrsiniano
528 3546 604 3603 Huic
622 3548 735 3612 dedisti,
750 3547 873 3615 posthae
885 3564 991 3604 rursus
1008 3545 1255 3614 1111111111(-

112 3640 219 3706 culum,
238 3639 342 3707 tamen,
361 3656 423 3693 eum
434 3638 522 3693 Vetus
540 3657 658 3696 rursum
669 3638 772 3706 teneat,
791 3639 912 3694 dubitari
924 3638 969 3692 vix
983 3639 1079 3710 potest
1096 3638 1162 3708 quin
1180 3640 1255 3692 reete

112 3750 233 3790 rursum
259 3733 445 3801 obsrhnouisli
469 3733 632 3790 clericulum
659 3733 814 3787 correctum
841 3733 885 3786 sit.
926 3733 957 3786 In
979 3731 1138 3786 Aululariae
1161 3733 1254 3785 autem

112 3826 160 3893 IV,
178 3832 207 3892 4,
226 3832 258 3879 22
281 3827 355 3884 novi
375 3826 598 3896 sucopuenuas:
627 3844 677 3896 ope
700 3830 819 3884 rursum
840 3829 956 3884 ostende
981 3827 1039 3882 hdo
1065 3843 1179 3882 manum
1206 3823 1256 3891 (sio

112 3921 188 3974 enim
205 3918 280 3988 libri)
307 3936 373 3974 save
391 3937 425 3974 ne
444 3920 479 3974 de
496 3919 689 3974 substituendo
712 3937 818 3978 rursus
845 3918 964 3988 cogites:
994 3917 1106 3987 quando
1132 3916 1256 3987 ipsorum

112 4013 249 4067 librorum
267 4028 320 4081 ope
338 4017 456 4071 rursum
474 4016 591 4071 ostende
609 4015 665 4071 hue
682 4015 834 4071 dexteram
850 4014 895 4066 sat
907 4013 985 4066 serta
996 4010 1083 4064 Brixii
1095 4011 1255 4064 coniectura

112 4106 267 4176 repositum
285 4108 333 4161 111.
346 4135 381 4145 -
392 4106 434 4160 Ex
452 4106 492 4160 eis
510 4107 612 4173 autem,
630 4123 701 4174 quae
713 4124 798 4176 supra
814 4105 907 4176 posita
923 4106 995 4172 aunt,
1013 4103 1153 4173 intellegis
1171 4120 1255 4173 quam

113 4202 190 4255 recte
213 4218 320 4258 rursus
341 4201 460 4255 formam
483 4199 596 4269 Lingius
618 4200 653 4254 de
674 4199 753 4255 hiatu
776 4219 804 4270 p.
822 4206 854 4253 41
879 4197 1037 4253 Plautinam
1060 4214 1120 4251 esse
1144 4197 1255 4252 omnino

112 4294 272 4364 negaverit:
290 4295 366 4363 quod
384 4295 410 4349 ei
427 4294 542 4348 credens
559 4293 696 4363 Reisigiua
709 4293 798 4349 Schol.
814 4311 931 4364 gramm.
950 4311 978 4362 p.
993 4299 1040 4347 211
1060 4290 1145 4345 etism
1163 4290 1255 4346 incon-

112 4387 211 4442 sultius
225 4405 351 4457 prorsus
368 4388 468 4442 Plauto
486 4387 668 4442 recentiorem
687 4387 765 4444 dixit.

998 4476 1062 4540 17*
