2866 5010
745 1125 872 1236 ΧΠ.

528 1326 704 1435 Prosodic
734 1351 805 1421 uon
835 1325 1099 1445 circumest)

695 1661 698 1667 ,
767 1705 859 1800 W)

188 1910 219 1959 15
323 1895 492 1954 Alterius
527 1890 614 1954 vocis
643 1911 794 1953 mensura
828 1890 985 1974 paeonica
1018 1892 1080 1957 etsi
1115 1916 1190 1959 cum
1219 1917 1373 1981 puerorum

145 2076 148 2087 .
238 2005 385 2067 oretum
406 2001 635 2086 magistrorum
659 2000 889 2065 consuetudine
916 2000 995 2066 trita
1022 2002 1119 2068 hodie
1148 2009 1202 2070 est
1224 2010 1257 2070 et
1277 2027 1374 2090 perua-

239 2116 333 2198 gata,
362 2115 473 2176 tamen
506 2134 570 2197 qua
603 2110 653 2175 vel
686 2111 811 2175 ratione
844 2111 1001 2176 niteretur
1040 2113 1092 2178 vel
1124 2117 1331 2199 auctoritate,
1359 2138 1375 2178 a

239 2223 331 2288 nullo
358 2223 434 2287 dum
465 2222 660 2306 explicatum
688 2224 747 2287 est.
803 2223 910 2307 Atque
938 2224 1108 2310 analogiae
1143 2227 1274 2311 quidem
1300 2226 1375 2290 illan

240 2357 422 2420 repugnare
443 2333 626 2418 prosodiam
648 2333 692 2396 in*
705 2334 874 2418 propatulo
897 2338 961 2419 est3
984 2336 1131 2420 exempla
1153 2316 1262 2402 autem
1283 2337 1374 2423 qua-lia

240 2446 364 2511 habent
385 2444 440 2509 isti
461 2443 660 2529 magistelli‘?
693 2443 824 2509 Scilicet
837 2445 1010 2510 versiculos
1024 2446 1196 2530 proferent
1218 2448 1256 2512 de
1271 2469 1375 2534 genere

241 2557 417 2642 dactylico,
440 2577 507 2620 non
528 2557 731 2640 reputantes,
755 2556 817 2621 hoc
838 2560 933 2641 pacto
954 2557 1051 2622 ctiam
1074 2565 1166 2623 unitus
1187 2567 1279 2624 solius
1299 2566 1376 2623 totius

241 2668 469 2734 vocabulorum
490 2666 672 2750 prosodiam
693 2688 786 2751 posse
814 2667 1006 2751 dactylicam
1027 2668 1259 2735 demonstrari:
1281 2692 1375 2755 quam·

242 2801 338 2865 quam
359 2778 394 2843 in
417 2777 495 2842 haec
518 2800 560 2842 ne
583 2777 692 2842 eadem
708 2778 835 2863 quidem
850 2780 1025 2845 necessitas
1048 2779 1137 2844 cadit
1157 2783 1303 2865 metrica,
1325 2801 1375 2865 qua

242 2897 370 2956 ulterius
397 2888 484 2953 vocis
512 2910 662 2952 mensura
690 2887 888 2954 ditrochaiea
916 2889 1095 2955 excluditur
1124 2892 1166 2955 ab
1192 2892 1374 2957 hexametro.

242 2999 332 3077 Quod
356 3022 428 3074 cum
449 2999 496 3063 ita
518 2999 576 3083 sit,
606 2999 702 3063 etiam
725 3000 752 3063 si
780 3023 822 3065 ne
848 3023 948 3065 unum
973 3000 1101 3086 quidem
1130 3004 1312 3088 exemplum
1333 3024 1376 3066 er·

135 3144 136 3147 ¹
243 3114 344 3176 staret
364 3110 539 3194 productae
554 3109 696 3195 syllabae
711 3111 939 3195 paenultima,
961 3115 1070 3177 tamen
1086 3112 1143 3177 isti
1159 3115 1290 3199 quidem
1306 3111 1376 3178 nihil

243 3222 361 3286 dixisse
383 3220 578 3286 uiderentur.
623 3220 706 3297 Quid
733 3224 833 3286 vero?
861 3222 943 3307 quod
971 3223 1036 3286 iam
1059 3224 1220 3309 Aegidius
1242 3222 1377 3290 Forcelli-

242 3355 303 3398 nus
331 3332 409 3396 duos
437 3332 571 3416 protulit
598 3332 838 3397 Terentiani
865 3333 990 3397 Mauri
1018 3356 1146 3418 versus,
1177 3336 1240 3401 viri
1272 3336 1307 3401 in
1327 3333 1377 3398 hoc

242 3466 361 3532 genere
384 3443 577 3531 gradssimi,
602 3443 738 3508 alterum
760 3466 792 3527 p.
815 3443 900 3508 2432
921 3445 970 3509 ed.
993 3443 1126 3510 Putsch.
1152 3443 1195 3533 [v.
1219 3446 1315 3536 2181]

529 3576 593 3638 Nec
614 3578 736 3637 alterius
758 3579 895 3657 indigens
918 3580 984 3655 opis
1006 3579 1088 3638 ueni:

244 3733 313 3740 ,..---
328 3733 346 3738 -
371 3732 442 3737 ,γη-ξ.

310 3814 335 3880 *)
365 3809 421 3882 [Da
447 3810 522 3864 diese
551 3809 730 3880 Streitfrage,
758 3829 805 3864 um
833 3829 866 3864 zu
894 3810 984 3866 einem
1011 3811 1148 3880 gewissen
1179 3813 1332 3870 Abschlum
1356 3831 1383 3866 zu

242 3905 382 3972 kommcn‚
399 3903 596 3959 verschiedene
614 3903 730 3960 Stadien
749 3904 798 3959 der
815 3904 1031 3974 Untersuchung
1048 3922 1082 3958 zu
1100 3905 1287 3963 durchlaufen
1304 3910 1383 3971 hatte,

242 4014 273 4052 so
295 3998 371 4052 blieb
398 3997 489 4052 nichts
518 3996 603 4066 fibrig
630 3998 670 4052 als
699 3997 787 4065 diese‚
815 3999 888 4054 trotz
916 3998 966 4053 dor
993 3997 1119 4052 dadurch
1142 4000 1385 4072 herbeigefnhrten

242 4090 363 4160 ltstigen
381 4090 650 4159 Wiedcrholungeu,
670 4091 740 4146 eben
757 4109 788 4147 so
805 4092 956 4147 successive
974 4091 1036 4147 hier
1053 4093 1259 4164 vorznffihren,
1284 4096 1336 4150 wie
1352 4094 1385 4147 sia

243 4184 318 4238 ihrer
336 4183 398 4239 Zeit
415 4200 451 4239 an
469 4183 513 4238 die
532 4183 758 4240 Oeffentliohkeit
774 4185 890 4256 treton]

311 4279 353 4345 **)
373 4277 442 4347 [Aua
459 4278 513 4332 den
536 4276 672 4333 ‘schedae
695 4278 818 4334 criticae’
844 4278 1110 4350 (HalisSax.18·29)
1133 4298 1160 4352 p.
1182 4288 1296 4339 lo-ao.
1330 4281 1387 4353 Vgl

244 4368 294 4426 Bd.
313 4370 325 4424 l
343 4369 433 4427 dieser
451 4371 591 4443 Opusoula
608 4390 635 4442 p.
655 4371 726 4443 ull]
