2946 5010
212 322 275 387 384
494 336 732 397 ovansnoues
756 334 1062 383 noeoosnrmcnn.

132 535 134 539 .
212 491 451 576 interpretibus
497 489 566 564 Qua
599 489 684 553 enim
709 490 815 574 ligura
838 490 1024 552 'adstantem
1047 489 1229 553 Seeledmm
1253 491 1359 574 fingas

212 605 244 665 et
264 603 350 667 fores
372 602 606 683 observantem,
630 623 671 664 ne
699 600 784 663 forte
805 599 1072 664 Philocomasium
1096 600 1266 664 elabatur?
1302 600 1360 664 Ni·

211 712 267 775 hili
292 716 349 794 est,
374 712 457 796 quod
479 711 605 794 Lipsius
628 711 666 774 de
701 732 793 774 cruce
815 710 864 775 ΙΙΙ
887 733 914 773 0.
937 711 958 772 5
980 716 1117 775 matribus
1141 724 1361 791 111010110-

212 831 346 886 10011101
367 829 472 887 leuiter
494 828 624 887 (111110ίὶ1
646 821 735 884 illum
758 822 885 885 stetisse
908 808 1075 906 opinatur,
1104 827 1209 885 lechito
1231 844 1291 900 qao
1314 844 1361 886 so·

211 941 294 997 letam
316 946 476 1013 captantes
497 944 525 997 et
548 938 779 1012 apprehensuri.
811 933 895 996 Sane
918 933 1045 1016 quidem
1068 931 1164 994 felem
1188 935 1362 1016 captantes

212 1044 261 1109 vel
291 1044 471 1107 caniculum
500 1042 747 1128 apprehensuri,
777 1065 842 1106 non
869 1042 1087 1106 mulierculam
1111 1065 1128 1105 e
1150 1043 1250 1106 ianua
1274 1045 1362 1128 elap-

211 1177 327 1219 suram.
378 1155 490 1237 ltaque
517 1155 556 1217 de
590 1154 700 1217 furcae
734 1174 867 1237 genere,
903 1176 983 1237 quae
1017 1153 1182 1217 serebatur
1215 1154 1360 1236 eundo,

212 1272 411 1350 nequaquam
441 1267 562 1347 autem,
596 1263 680 1348 quod
710 1263 863 1347 sciamus,
899 1268 989 1356 extra
1020 1268 1147 1347 portam
1180 1264 1361 1346 serebatur,

211 1378 342 1439 omuino
370 1375 503 1459 eogitari
533 1373 659 1458 nequit3
689 1375 895 1457 cogitandum
923 1379 972 1437 est
1000 1374 1038 1437 de
1060 1375 1219 1458 supplicio
1243 1376 1360 1458 oruciS,

211 1510 273 1571 quo
300 1486 353 1570 qui
382 1485 581 1570 perirent,
618 1484 805 1548 exomciari
838 1484 888 1548 vel
919 1485 1123 1549 discruciari
1157 1485 1237 1548 dicti
1270 1489 1360 1568 sunt,

210 1598 285 1680 quia
309 1597 394 1660 eruci
417 1596 635 1680 affigebantur
658 1594 816 1658 bracchiis
841 1617 912 1660 vere
939 1595 1108 1679 dispansis.
1155 1597 1205 1659 Ae
1228 1618 1361 1680 prorsus

211 1712 470 1791 utroqueversum
498 1706 636 1769 extentis
668 1705 827 1770 bracchiis
857 1709 1106 1770 consentaneum
1130 1711 1179 1769 est
1212 1706 1360 1770 mulieris

211 1817 373 1881 custodem
394 1817 576 1881 Sceledrum
600 1816 736 1880 adstare.
781 1817 872 1880 lnter
895 1839 1020 1881 crucem
1043 1822 1150 1881 autem
1173 1820 1206 1880 et
1229 1817 1359 1900 patibu-

212 1928 277 1991 lum
300 1928 375 2012 quid
391 1928 553 1991 societatis
580 1927 808 2011 intercesserit,
832 1929 901 2012 ipse
917 1928 1043 2012 Lipsius
1069 1927 1210 2012 explicat
1237 1950 1310 2012 cap.
1328 1930 1358 1991 3.

210 2040 314 2113 Quare
337 2039 397 2103 hae
421 2040 454 2101 iu
477 2042 568 2122 parte
591 2039 687 2101 etiarn
704 2037 903 2102 Beckeriana
926 2039 1067 2122 corrigas
1091 2038 1174 2102 Galli
1199 2038 1214 2100 l
1238 2062 1270 2122 p.
1300 2040 1357 2103 131

210 2149 355 2231 exposita
379 2148 539 2236 [eorreeta
567 2148 601 2210 in
631 2148 679 2211 ed.
709 2149 805 2212 tertia
832 2153 855 2212 t.
880 2148 912 2212 ll
935 2171 966 2232 p.
993 2150 1067 2212 149:
1091 2149 1220 2231 quicum
1245 2150 1359 2213 confer

210 2259 432 2323 Euchiridium
453 2261 554 2342 antiq.
572 2258 663 2322 Rom.
681 2261 704 2322 t.
728 2258 790 2342 Ip.
807 2259 897 2342 555}
927 2258 1026 2322 Recte
1048 2257 1221 2341 intellexit,
1245 2281 1357 2342 quam-

164 2408 167 2418 ]
210 2393 304 2454 quam
332 2393 398 2434 non
428 2369 595 2454 explicatis
624 2369 817 2453 1111011113,
848 2369 1054 2435 Oasaubonus
1075 2369 1109 2432 in
1139 2367 1356 2453 Theophrasti

211 2481 304 2544 Char.
331 2482 380 2565 14,
404 2482 434 2545 4.

294 2592 356 2655 Το1
383 2592 483 2676 igitur
505 2592 638 2655 Plautus
666 2603 757 2655 cetra
779 2601 903 2671 portam
933 2590 1015 2653 dixit
1036 2590 1236 2674 simpliciter,
1262 2613 1356 2675 quern

211 2702 400 2766 admodum
423 2724 481 2765 nos
504 2725 626 2787 quoque
649 2708 729 2767 oor's
753 2705 845 2780 Ther,
872 2702 964 2766 oor'm
989 2703 1080 2783 Ther,
1105 2701 1296 2765 etiamnum
1318 2702 1357 2765 de

173 2815 296 2875 xeerta
323 2812 410 2874 urbis
439 2815 531 2895 porta
561 2813 748 2897 cogitamus.
795 2811 906 2875 Potest
931 2811 985 2874 ille
1012 2812 1115 2895 ipsam
1148 2811 1356 2895 Esquilinam

209 2922 422 3004 significasse:
452 2927 572 2985 eertum
595 2928 644 2987 est
665 2924 795 2988 omniuo
824 2926 913 2987 extra
939 2923 1049 2985 urbem
1073 2921 1167 3003 solita
1191 2944 1261 2986 esse
1284 2945 1356 3006 sup-

209 3031 306 3113 plicia
338 3033 424 3114 fieri,
461 3033 614 3098 caelavere
648 3034 805 3116 comburi,
840 3033 983 3115 humari,
1016 3032 1234 3096 maleficorum
1258 3035 1356 3096 etiam

210 3142 308 3224 proici
332 3146 469 3226 tanturn,
493 3145 569 3207 item
587 3146 745 3209 communi
762 3147 905 3208 veterum
928 3165 1014 3208 more
1036 3147 1126 3206 extra
1148 3143 1264 3207 urbem
1289 3167 1355 3208 ear·

210 3252 319 3315 niliees
342 3251 513 3317 habitasse.
559 3254 628 3319 Neo
650 3255 785 3318 multum
804 3254 1051 3317 Atheniensium
1073 3276 1148 3317 usus
1172 3254 1355 3318 differebat.

210 3361 290 3426 Vide
313 3363 351 3426 de
374 3363 510 3447 singulis
525 3369 652 3448 praeter
667 3365 810 3448 Lipsium
827 3344 961 3428 lleckeri
984 3364 1162 3428 Chariclem
1185 3364 1218 3426 ll
1243 3388 1277 3449 p.
1298 3367 1357 3429 188

209 3496 276 3557 sqq.
301 3474 362 3537 207
390 3496 436 3558 sq.
468 3473 527 3560 [Ill
556 3498 586 3558 p.
619 3476 679 3538 104
705 3497 773 3559 sqq.
799 3475 846 3538 ed.
878 3474 946 3561 alt]
979 3478 1011 3538 et
1039 3474 1073 3539 O.
1102 3474 1135 3538 F.
1169 3473 1357 3539 Hermanni

210 3584 321 3667 Antiq.
357 3605 461 3667 graec.
493 3586 553 3648 vol.
584 3586 598 3648 l
633 3591 653 3665 ξ
684 3586 760 3667 144,
790 3587 809 3647 8
847 3586 906 3673 [111
934 3609 965 3668 p.
995 3586 1058 3649 205
1090 3584 1184 3672 sqql.
1239 3587 1358 3650 Falsis-

209 3696 324 3759 simum
347 3699 396 3758 est
428 3699 533 3759 autem
562 3695 644 3780 quod
673 3717 690 3759 e
717 3696 866 3759 Pseuduli
894 3718 985 3760 versu
1014 3695 1222 3759 Furlanettus
1253 3720 1360 3783 nuper

209 3806 318 3870 (locuit
358 3813 457 3871 1011101
499 3806 600 3869 latine
640 3807 725 3889 ipsos
767 3829 835 3872 esse
873 3807 1036 3870 eanrifiees
1073 3807 1186 3871 dictos.
1238 3808 1360 3874 Lanios

210 3937 280 3980 eum
304 3916 478 3980 l‘seudulus
501 3917 589 3999 elicit,
613 3917 692 3983 dicit
713 3919 816 3982 lanios
839 3918 870 3981 h.
896 3940 922 3981 e.
946 3917 1155 3999 macellarios,
1180 3919 1238 3981 sed
1264 3921 1360 3984 intel·

209 4026 289 4110 legit
305 4029 481 4111 carnifices,
499 4029 532 4092 in
550 4049 648 4111 eaque
664 4026 734 4109 ipsa
751 4029 988 4111 comparatione
1004 4028 1092 4110 lepos
1104 4029 1209 4091 omnis
1228 4030 1361 4095 illorum

210 4159 354 4201 versuum
379 4139 584 4222 conspicitur.
