2986 5004
465 336 687 386 snossanrvn
710 336 922 384 convrrnvn.
1204 322 1268 387 229

123 493 239 557 scholis
263 491 400 575 publicis
431 490 485 554 ille
513 491 632 574 prodiit
666 490 798 575 Georgii
830 490 972 554 Valles
1006 492 1265 575 commentarius,

123 626 214 688 quem
238 603 360 666 calamo
383 623 450 666 ase
473 605 640 685 exceptum
662 601 800 665 loannes
821 601 935 665 Petrus
957 602 1041 666 filius
1062 602 1168 667 iunxit
1191 603 1266 668 Ber·

122 715 213 778 nardi
237 712 390 778 Saraceni
413 712 546 776 editioni
569 711 696 776 anobis
711 712 891 796 descriptae
906 712 1008 777 Masei
1031 713 1142 796 philol.
1160 712 1264 779 Rhen.

124 824 174 912 [ab
190 824 362 888 Welckero
377 821 561 906 Nselrioquc
588 822 677 911 editi]
695 826 718 886 t.
744 821 788 886 lV
810 846 842 906 p.
869 824 929 887 192
947 821 1056 910 [supra
1077 847 1109 908 p.
1132 824 1183 888 22.
1200 823 1265 910 48].

121 935 187 1000 Ν11
210 934 257 999 Io.
282 933 463 1018 Baptistam
491 932 585 997 Pium
617 955 681 997 non
712 934 857 1017 suspicor
884 937 1010 1018 partem
1034 937 1120 999 certe
1142 956 1263 1017 earum,

120 1047 234 1130 quibus
256 1045 342 1109 haud
364 1044 529 1108 indoctum
551 1045 813 1108 commentarium
838 1068 930 1109 saum
958 1045 1138 1127 contexuit,
1168 1044 1264 1109 simili

121 1155 339 1240 praeceptoris
360 1153 622 1239 interpretationi
642 1154 786 1239 Philippi
808 1154 996 1219 Beroaldi
1027 1158 1194 1239 acceptum
1216 1177 1262 1219 re-

120 1269 220 1332 ferre:
258 1267 296 1330 de
335 1287 397 1349 quo
424 1264 543 1329 ibidem
580 1264 702 1329 dictum
729 1288 761 1348 p.
787 1265 846 1329 191
872 1264 936 1354 [53]
962 1288 1009 1350 sq.
1071 1265 1121 1329 Ex
1149 1266 1263 1330 talium

120 1398 251 1442 numero
274 1375 501 1471 magistrorum
521 1375 587 1439 fuit
608 1375 706 1439 etiam
722 1375 921 1440 Guarinus
944 1375 1150 1460 Veronensis,
1174 1375 1263 1441 cuius

120 1489 196 1553 item
220 1487 391 1552 continuus
414 1488 449 1550 in
471 1485 623 1551 Plautum
645 1486 893 1551 commentarius
921 1490 1027 1550 exstet
1054 1487 1088 1550 in
1111 1487 1262 1551 recentis-

119 1600 198 1663 simo
222 1597 330 1663 codice
352 1596 513 1662 Vaticano
535 1620 567 1661 n.
593 1597 672 1661 1631
697 1599 769 1660 octo
797 1596 979 1660 fabularum
1002 1597 1200 1682 priorum*),
1230 1599 1262 1661 et
1281 1611 1310 1661 tv

108 1714 155 1774 'ut
175 1733 214 1774 ex
237 1707 408 1792 Hildynrdi
430 1708 531 1791 praef.
554 1707 590 1770 in
613 1705 720 1770 Aulul.
744 1730 776 1790 p.
800 1706 878 1770 XlV
900 1730 948 1792 sq.
972 1708 1198 1792 perspicimus,
1227 1707 1262 1773 in

103 1819 296 1884 -Harleiano
310 1817 352 1882 H.
369 1818 464 1883 2454.
496 1817 667 1882 Praeterea
690 1819 871 1896 ἀνωνύμων
893 1818 1093 1902 quorundam
1115 1819 1165 1883 vel
1188 1841 1262 1883 con·

118 1931 226 1995 tinuos
250 1929 494 1994 commentarios
522 1928 573 1992 vel
596 1931 682 1992 certe
705 1928 875 2011 ampliores
903 1928 1125 1993 adnotationes
1147 1930 1183 1993 in
1205 1929 1261 1993 sli-

118 2045 195 2125 quot
218 2039 380 2104 codicibus
407 2039 622 2122 repperimus,
653 2037 806 2122 equibus
833 2038 1008 2103 notabilior
1030 2039 1144 2103 ceteris
1166 2039 1261 2103 Vrbi-

118 2175 176 2215 nss
204 2149 441 2231 1111111111362,
472 2149 561 2213 cuius
588 2148 683 2211 initio
705 2147 785 2213 haec
807 2148 975 2233 leguntur:
1004 2155 1041 2212 In
1069 2154 1128 2213 troc
1155 2156 1262 2214 codice

117 2269 289 2326 continetur
316 2272 510 2325 commentum
538 2265 568 2322 in
597 2263 766 2323 Terentium
789 2270 908 2322 eratum
930 2280 970 2323 eu
993 2266 1189 2323 uetrntissimo
1211 2281 1260 2325 co-

118 2379 195 2437 dice.
225 2379 294 2436 item
323 2377 411 2435 atiud
440 2378 471 2435 in
499 2375 661 2434 nonrruilas
688 2374 796 2433 Plauti
827 2374 1010 2434 Comoedias.
1061 2368 1105 2432 ut
1132 2368 1171 2432 de
1199 2368 1261 2433 hoc

118 2483 255 2565 quidem,
279 2481 363 2566 quod
385 2479 501 2564 incipit
521 2480 546 2543 f.
568 2480 621 2563 86,
644 2483 730 2544 recte
753 2479 793 2542 Α.
818 2479 923 2543 Maius
945 2478 1107 2562 adscripta
1129 2478 1259 2543 adnoto-

117 2592 204 2657 tione
232 2593 279 2656 sic
306 2591 473 2655 iudicavit:
516 2595 571 2654 Est
592 2597 684 2654 italos
705 2611 811 2654 reeens
832 2596 955 2670 quidam
976 2594 1142 2669 interpres:
1183 2612 1260 2653 narn

117 2704 196 2767 atleo
218 2701 331 2786 lingua
352 2700 436 2764 Itsla
457 2700 558 2765 utitur
579 2701 602 2764 f.
631 2702 726 2784 135b3
749 2700 944 2764 Terentiano
967 2702 1074 2763 autem
1095 2713 1260 2791 commenta

116 2813 177 2876 etsi
199 2812 416 2896 subscriptum
438 2814 486 2875 est
501 2810 651 2875 Sunvtvs
672 2832 800 2893 nomen,
824 2814 933 2874 tamen
957 2790 1118 2875 vetustatis*
1132 2810 1259 2892 quidem

119 2901 428 2987 commendatibnem
450 2921 476 2985 is
500 2921 608 3004 codex,
633 2942 650 2984 e
672 2943 734 3004 quo
756 2922 986 3004 transcriptum
1007 2920 1086 3003 fuit,
1110 2919 1258 2984 habuisse

117 3035 171 3096 vix
193 3034 315 3116 potest:
338 3035 404 3095 tam
420 3031 472 3095 hic
494 3031 615 3095 futtilis
638 3033 671 3094 et
691 3031 787 3114 plane
809 3030 937 3094 inutilia
959 3030 1195 3109 truduntur.**l
1217 3070 1259 3080 —

184 3236 210 3301 *J
236 3234 422 3304 Bombycinus
448 3236 490 3288 est
516 3235 622 3289 formae
649 3232 800 3301 maximae,
825 3240 872 3288 112
890 3233 1068 3302 schedarum,
1087 3234 1258 3290 Aululariam

115 3331 287 3399 postponens
314 3327 438 3398 Epidico.
478 3320 671 3381 Prseinittitnr
700 3328 763 3383 Vita
790 3328 889 3384 Plauti
907 3346 963 3396 per
986 3331 1146 3386 Guariaum
1171 3330 1255 3386 Vero-

116 3440 242 3481 nentem.
263 3422 332 3475 Post
343 3421 443 3490 Amph.
456 3421 531 3487 1v‚c
550 3419 655 3488 aliquid
672 3419 846 3474 intercidisse
865 3420 973 3474 duabus
990 3421 1146 3476 rationibus
1164 3422 1255 3489 orgui-

114 3520 171 3580 1111,
190 3532 309 3582 quarum
332 3517 474 3572 ‘secanda
496 3516 571 3583 quad
590 3515 738 3572 Guarinus
757 3531 787 3570 se
805 3515 910 3571 tatere
929 3516 1035 3583 aliquot
1054 3517 1256 3573 1111111111-

114 3618 160 3666 1111
178 3613 207 3665 in
226 3610 429 3677 amphitrione,
448 3625 518 3676 auos
535 3611 565 3663 in
584 3615 641 3663 tota
659 3609 802 3664 comoedia
821 3594 921 3665 tibersa
938 3615 1076 3665 constat'

184 3703 225 3769 **)
243 3700 366 3754 Saavrva
385 3700 504 3755 nominis
516 3717 588 3769 quae
607 3700 644 3753 sit
661 3700 746 3767 ratio,
765 3717 799 3754 cx
817 3700 856 3755 eis
870 3700 956 3754 conici
974 3701 1091 3770 poterit,
1110 3704 1258 3769 quaesunt

113 3794 192 3863 apud
214 3792 396 3863 Suringarum
418 3794 488 3847 Hist.
512 3793 596 3847 schol.
621 3793 669 3846 lst.
689 3793 701 3845 l
724 3811 751 3862 p.
773 3799 828 3846 111.
859 3824 892 3831 —
921 3793 1003 3848 Initio
1026 3794 1112 3848 codex
1130 3795 1184 3848 hoc
1201 3796 1255 3849 est:

114 3892 225 3944 Arrctar
236 3892 289 3945 istc
302 3888 470 3956 Affricunns
488 3889 592 3955 lenitur
608 3889 701 3956 faisse.
720 3904 800 3955 quem
818 3889 965 3943 destructa
981 3889 1148 3955 cartirapr'nc
1161 3889 1256 3957 Scipio

112 3982 286 4050 Affricanus
303 3985 379 4038 inter
396 3983 468 4038 aiios
485 3984 615 4049 captiuas
627 3982 746 4037 Rarnam
763 3981 894 4037 adducit.
914 3982 966 4037 sed
976 3984 1122 4048 recapnitn
1139 3985 1255 4049 sapien-

112 4080 156 4131 tia
180 4077 243 4131 eius
266 4075 379 4130 trabitur
402 4082 444 4131 ert
467 4077 496 4130 in
520 4077 644 4130 maxima
667 4077 832 4130 reuerentia
860 4074 939 4142 apud
961 4075 1104 4131 Romanos
1126 4076 1256 4143 faciendi

116 4169 285 4226 Comoedias
305 4175 332 4223 et
349 4170 503 4234 traaedias.
539 4167 670 4235 Querens
693 4171 870 4225 occasionem
892 4186 948 4235 qua
966 4169 1072 4236 populo
1095 4169 1174 4224 Rern.
1192 4170 1254 4236 pia·
1305 4156 1307 4159 ⁸

110 4272 193 4319 ctere
217 4262 306 4317 ualuit
326 4261 428 4328 facere
450 4263 592 4317 comedint
610 4277 682 4328 qaae
700 4268 727 4316 ct
745 4264 880 4317 maiorem
899 4261 1045 4317 utilitatem
1067 4263 1255 4330 conserebant

102 4365 138 4415 ,te
159 4357 296 4410 maiorem
313 4354 525 4410 delectationem
541 4355 695 4425 faciebant.
714 4383 746 4390 -
770 4352 799 4406 P.
819 4359 835 4407 2
853 4353 923 4407 haec
939 4352 1082 4422 leguntur:
1101 4355 1254 4416 Sciendum
