<?xml version="1.0" encoding="UTF-8"?>
<!DOCTYPE html PUBLIC "-//W3C//DTD XHTML 1.0 Transitional//EN"
    "http://www.w3.org/TR/xhtml1/DTD/xhtml1-transitional.dtd">
<html xmlns="http://www.w3.org/1999/xhtml" xml:lang="en" lang="en">
 <head>
  <title>
</title>
<meta http-equiv="Content-Type" content="text/html;charset=utf-8" />
  <meta name='ocr-system' content='tesseract 3.04.00' />
  <meta name='ocr-capabilities' content='ocr_page ocr_carea ocr_par ocr_line ocrx_word'/>
</head>
<body>
  <div class='ocr_page' id='page_1' title='image "./fridericiritsch00wachgoog/fridericiritsch00wachgoog_0443.png"; bbox 0 0 2946 5010; ppageno 0'>
   <div class='ocr_carea' id='block_1_1' title="bbox 151 306 1048 395">
    <p class='ocr_par' dir='ltr' id='par_1_1' title="bbox 151 306 1048 395">
     <span class='ocr_line' id='line_1_1' title="bbox 151 306 1048 395; baseline -0.001 -27"><span class='ocrx_word' id='word_1_1' title='bbox 151 306 271 368; x_wconf 73' lang='lat'><strong>‘412</strong></span> <span class='ocrx_word' id='word_1_2' title='bbox 358 386 363 395; x_wconf 15' lang='grc' dir='ltr'>λ</span> <span class='ocrx_word' id='word_1_3' title='bbox 520 325 566 370; x_wconf 82' lang='lat' dir='ltr'><strong>aa</strong></span> <span class='ocrx_word' id='word_1_4' title='bbox 590 322 805 371; x_wconf 78' lang='lat' dir='ltr'><strong>sasvumcro</strong></span> <span class='ocrx_word' id='word_1_5' title='bbox 829 322 1048 370; x_wconf 74' lang='lat' dir='ltr'><strong>uctriosricuo</strong></span> 
     </span>
    </p>
   </div>
   <div class='ocr_carea' id='block_1_2' title="bbox 171 474 1360 1782">
    <p class='ocr_par' dir='ltr' id='par_1_2' title="bbox 171 474 1352 1003">
     <span class='ocr_line' id='line_1_2' title="bbox 209 474 1350 561; baseline 0.002 -22"><span class='ocrx_word' id='word_1_6' title='bbox 209 499 290 561; x_wconf 88' lang='lat' dir='ltr'><strong>quae</strong></span> <span class='ocrx_word' id='word_1_7' title='bbox 312 477 439 561; x_wconf 86' lang='lat' dir='ltr'><strong>quidem</strong></span> <span class='ocrx_word' id='word_1_8' title='bbox 462 483 595 541; x_wconf 84' lang='lat' dir='ltr'><strong>ridicula</strong></span> <span class='ocrx_word' id='word_1_9' title='bbox 618 477 694 540; x_wconf 86' lang='lat' dir='ltr'><strong>alibi</strong></span> <span class='ocrx_word' id='word_1_10' title='bbox 717 481 812 561; x_wconf 87' lang='lat' dir='ltr'><strong>poeta</strong></span> <span class='ocrx_word' id='word_1_11' title='bbox 827 483 1009 541; x_wconf 75' lang='lat' dir='ltr'><em>ridicularia</em></span> <span class='ocrx_word' id='word_1_12' title='bbox 1032 475 1113 538; x_wconf 89' lang='lat' dir='ltr'><strong>dixit</strong></span> <span class='ocrx_word' id='word_1_13' title='bbox 1134 474 1228 538; x_wconf 85' lang='lat' dir='ltr'><strong>Asin.</strong></span> <span class='ocrx_word' id='word_1_14' title='bbox 1252 475 1295 559; x_wconf 89' lang='grc' dir='ltr'><strong>ΙΙ,</strong></span> <span class='ocrx_word' id='word_1_15' title='bbox 1319 479 1350 559; x_wconf 77' lang='grc'><strong>2,</strong></span> 
     </span>
     <span class='ocr_line' id='line_1_3' title="bbox 171 586 1352 671; baseline 0.002 -21"><span class='ocrx_word' id='word_1_16' title='bbox 171 617 173 619; x_wconf 90' lang='lat'>·</span> <span class='ocrx_word' id='word_1_17' title='bbox 208 589 259 650; x_wconf 72' lang='lat'><strong>64.</strong></span> <span class='ocrx_word' id='word_1_18' title='bbox 289 588 377 651; x_wconf 86' lang='lat' dir='ltr'><strong>Trin.</strong></span> <span class='ocrx_word' id='word_1_19' title='bbox 402 587 434 671; x_wconf 90' lang='lat' dir='ltr'><strong>I,</strong></span> <span class='ocrx_word' id='word_1_20' title='bbox 458 589 493 670; x_wconf 73' lang='lat'><strong>2,</strong></span> <span class='ocrx_word' id='word_1_21' title='bbox 518 587 570 652; x_wconf 78' lang='lat'><strong>28.</strong></span> <span class='ocrx_word' id='word_1_22' title='bbox 599 588 693 651; x_wconf 82' lang='lat' dir='ltr'><strong>Truc.</strong></span> <span class='ocrx_word' id='word_1_23' title='bbox 717 588 782 671; x_wconf 90' lang='grc' dir='ltr'>ΙΙΙ,</span> <span class='ocrx_word' id='word_1_24' title='bbox 805 588 836 669; x_wconf 80' lang='grc'><strong>2,</strong></span> <span class='ocrx_word' id='word_1_25' title='bbox 866 589 914 651; x_wconf 81' lang='lat' dir='ltr'><strong>ll.</strong></span> <span class='ocrx_word' id='word_1_26' title='bbox 959 586 1042 650; x_wconf 89' lang='lat' dir='ltr'><strong>Illud</strong></span> <span class='ocrx_word' id='word_1_27' title='bbox 1065 587 1151 650; x_wconf 91' lang='lat' dir='ltr'><strong>enim</strong></span> <span class='ocrx_word' id='word_1_28' title='bbox 1172 586 1352 671; x_wconf 85' lang='lat' dir='ltr'><strong>exemplum</strong></span> 
     </span>
     <span class='ocr_line' id='line_1_4' title="bbox 208 697 1352 783; baseline 0.001 -22"><span class='ocrx_word' id='word_1_29' title='bbox 208 698 327 762; x_wconf 88' lang='lat' dir='ltr'><strong>imitari</strong></span> <span class='ocrx_word' id='word_1_30' title='bbox 356 704 441 762; x_wconf 88' lang='lat' dir='ltr'><strong>certe</strong></span> <span class='ocrx_word' id='word_1_31' title='bbox 464 699 658 783; x_wconf 80' lang='lat' dir='ltr'><strong>Argumenti</strong></span> <span class='ocrx_word' id='word_1_32' title='bbox 681 699 818 782; x_wconf 74' lang='lat' dir='ltr'>scriptor</span> <span class='ocrx_word' id='word_1_33' title='bbox 848 698 967 782; x_wconf 86' lang='lat' dir='ltr'><strong>potuit:</strong></span> <span class='ocrx_word' id='word_1_34' title='bbox 990 719 1050 761; x_wconf 87' lang='lat' dir='ltr'><strong>nea</strong></span> <span class='ocrx_word' id='word_1_35' title='bbox 1073 697 1160 760; x_wconf 91' lang='lat' dir='ltr'><strong>enim</strong></span> <span class='ocrx_word' id='word_1_36' title='bbox 1183 697 1352 762; x_wconf 89' lang='lat' dir='ltr'><strong>celandum</strong></span> 
     </span>
     <span class='ocr_line' id='line_1_5' title="bbox 206 810 1351 894; baseline 0.001 -22"><span class='ocrx_word' id='word_1_37' title='bbox 206 813 255 873; x_wconf 89' lang='lat' dir='ltr'><strong>est</strong></span> <span class='ocrx_word' id='word_1_38' title='bbox 281 810 316 872; x_wconf 89' lang='lat' dir='ltr'><strong>in</strong></span> <span class='ocrx_word' id='word_1_39' title='bbox 338 810 552 873; x_wconf 88' lang='lat' dir='ltr'><strong>Ambrosiauo</strong></span> <span class='ocrx_word' id='word_1_40' title='bbox 576 810 683 874; x_wconf 88' lang='lat' dir='ltr'><strong>codice</strong></span> <span class='ocrx_word' id='word_1_41' title='bbox 709 810 917 894; x_wconf 76' lang='lat' dir='ltr'>palimpsesto</span> <span class='ocrx_word' id='word_1_42' title='bbox 939 816 1016 886; x_wconf 74' lang='lat' dir='ltr'><strong>lapis</strong></span> <span class='ocrx_word' id='word_1_43' title='bbox 1038 811 1164 872; x_wconf 78' lang='lat' dir='ltr'><strong>exstare</strong></span> <span class='ocrx_word' id='word_1_44' title='bbox 1187 830 1246 893; x_wconf 90' lang='lat' dir='ltr'><strong>pro</strong></span> <span class='ocrx_word' id='word_1_45' title='bbox 1270 816 1351 893; x_wconf 85' lang='lat' dir='ltr'><strong>rucis,</strong></span> 
     </span>
     <span class='ocr_line' id='line_1_6' title="bbox 207 919 1022 1003; baseline 0 -20"><span class='ocrx_word' id='word_1_46' title='bbox 207 921 299 984; x_wconf 88' lang='lat' dir='ltr'><strong>utin</strong></span> <span class='ocrx_word' id='word_1_47' title='bbox 322 921 564 985; x_wconf 83' lang='lat' dir='ltr'><strong>eademlabula</strong></span> <span class='ocrx_word' id='word_1_48' title='bbox 587 920 613 1003; x_wconf 92' lang='grc' dir='ltr'><strong>Ι,</strong></span> <span class='ocrx_word' id='word_1_49' title='bbox 638 921 667 1001; x_wconf 89' lang='grc'><strong>3,</strong></span> <span class='ocrx_word' id='word_1_50' title='bbox 691 920 742 985; x_wconf 88' lang='grc'><strong>68.</strong></span> <span class='ocrx_word' id='word_1_51' title='bbox 772 920 815 1003; x_wconf 92' lang='grc' dir='ltr'><strong>ΙΙ,</strong></span> <span class='ocrx_word' id='word_1_52' title='bbox 839 921 869 1002; x_wconf 77' lang='lat'><strong>2,</strong></span> <span class='ocrx_word' id='word_1_53' title='bbox 893 920 946 984; x_wconf 76' lang='lat'><strong>59.</strong></span> <span class='ocrx_word' id='word_1_54' title='bbox 970 919 1022 984; x_wconf 89' lang='grc'><strong>68.</strong></span> 
     </span>
    </p>

    <p class='ocr_par' dir='ltr' id='par_1_3' title="bbox 205 1030 1360 1782">
     <span class='ocr_line' id='line_1_7' title="bbox 291 1030 1354 1097; baseline 0.003 -3"><span class='ocrx_word' id='word_1_55' title='bbox 291 1030 394 1095; x_wconf 86' lang='lat' dir='ltr'><strong>Versu</strong></span> <span class='ocrx_word' id='word_1_56' title='bbox 416 1031 585 1094; x_wconf 89' lang='lat' dir='ltr'><strong>undecimo</strong></span> <span class='ocrx_word' id='word_1_57' title='bbox 607 1037 636 1093; x_wconf 86' lang='lat' dir='ltr'><strong>ei</strong></span> <span class='ocrx_word' id='word_1_58' title='bbox 656 1031 690 1094; x_wconf 92' lang='lat' dir='ltr'><strong>in</strong></span> <span class='ocrx_word' id='word_1_59' title='bbox 712 1053 776 1095; x_wconf 92' lang='lat' dir='ltr'><strong>uno</strong></span> <span class='ocrx_word' id='word_1_60' title='bbox 790 1030 907 1095; x_wconf 86' lang='lat' dir='ltr'><strong>Vetere</strong></span> <span class='ocrx_word' id='word_1_61' title='bbox 931 1034 980 1094; x_wconf 87' lang='lat' dir='ltr'><strong>est</strong></span> <span class='ocrx_word' id='word_1_62' title='bbox 1001 1034 1033 1093; x_wconf 92' lang='lat' dir='ltr'><strong>et</strong></span> <span class='ocrx_word' id='word_1_63' title='bbox 1055 1052 1074 1093; x_wconf 89' lang='lat' dir='ltr'><strong>a</strong></span> <span class='ocrx_word' id='word_1_64' title='bbox 1096 1031 1237 1094; x_wconf 90' lang='lat' dir='ltr'><strong>secunda</strong></span> <span class='ocrx_word' id='word_1_65' title='bbox 1255 1055 1354 1097; x_wconf 88' lang='lat' dir='ltr'><strong>manu</strong></span> 
     </span>
     <span class='ocr_line' id='line_1_8' title="bbox 205 1141 1353 1226; baseline 0.002 -22"><span class='ocrx_word' id='word_1_66' title='bbox 205 1142 342 1226; x_wconf 87' lang='lat' dir='ltr'><strong>quidem,</strong></span> <span class='ocrx_word' id='word_1_67' title='bbox 366 1164 424 1226; x_wconf 90' lang='lat' dir='ltr'><strong>pro</strong></span> <span class='ocrx_word' id='word_1_68' title='bbox 447 1142 581 1226; x_wconf 92' lang='lat' dir='ltr'><strong>eoquod</strong></span> <span class='ocrx_word' id='word_1_69' title='bbox 604 1141 718 1226; x_wconf 81' lang='lat' dir='ltr'>reliqui</span> <span class='ocrx_word' id='word_1_70' title='bbox 741 1163 851 1205; x_wconf 88' lang='lat' dir='ltr'><strong>omnes</strong></span> <span class='ocrx_word' id='word_1_71' title='bbox 876 1141 998 1204; x_wconf 88' lang='lat' dir='ltr'><strong>habent</strong></span> <span class='ocrx_word' id='word_1_72' title='bbox 1018 1145 1069 1205; x_wconf 89' lang='lat' dir='ltr'><strong>sat</strong></span> <span class='ocrx_word' id='word_1_73' title='bbox 1090 1142 1353 1226; x_wconf 72' lang='lat' dir='ltr'><strong>memorabiliter,</strong></span> 
     </span>
     <span class='ocr_line' id='line_1_9' title="bbox 205 1251 1356 1336; baseline 0.001 -19"><span class='ocrx_word' id='word_1_74' title='bbox 205 1260 264 1317; x_wconf 81' lang='lat' dir='ltr'><strong>ccli</strong></span> <span class='ocrx_word' id='word_1_75' title='bbox 291 1252 355 1334; x_wconf 88' lang='lat' dir='ltr'><strong>(vel</strong></span> <span class='ocrx_word' id='word_1_76' title='bbox 376 1256 477 1336; x_wconf 83' lang='lat' dir='ltr'><strong>cucli).</strong></span> <span class='ocrx_word' id='word_1_77' title='bbox 523 1252 607 1316; x_wconf 88' lang='lat' dir='ltr'><strong>Illud</strong></span> <span class='ocrx_word' id='word_1_78' title='bbox 634 1276 651 1317; x_wconf 91' lang='lat' dir='ltr'><strong>e</strong></span> <span class='ocrx_word' id='word_1_79' title='bbox 674 1252 847 1316; x_wconf 78' lang='lat' dir='ltr'><strong>‘codicibus</strong></span> <span class='ocrx_word' id='word_1_80' title='bbox 879 1251 1030 1335; x_wconf 88' lang='lat' dir='ltr'><strong>antiquis&#39;</strong></span> <span class='ocrx_word' id='word_1_81' title='bbox 1053 1252 1117 1314; x_wconf 89' lang='lat' dir='ltr'><strong>iam</strong></span> <span class='ocrx_word' id='word_1_82' title='bbox 1140 1251 1279 1336; x_wconf 85' lang='lat' dir='ltr'><strong>Pylades</strong></span> <span class='ocrx_word' id='word_1_83' title='bbox 1308 1277 1356 1319; x_wconf 91' lang='lat' dir='ltr'><strong>re-</strong></span> 
     </span>
     <span class='ocr_line' id='line_1_10' title="bbox 205 1361 1360 1449; baseline 0.001 -22"><span class='ocrx_word' id='word_1_84' title='bbox 205 1364 322 1446; x_wconf 90' lang='lat' dir='ltr'><strong>stituit,</strong></span> <span class='ocrx_word' id='word_1_85' title='bbox 346 1367 514 1449; x_wconf 82' lang='lat' dir='ltr'>postquam</span> <span class='ocrx_word' id='word_1_86' title='bbox 537 1370 660 1443; x_wconf 76' lang='lat' dir='ltr'><strong>puurrdo</strong></span> <span class='ocrx_word' id='word_1_87' title='bbox 681 1368 805 1427; x_wconf 79' lang='lat' dir='ltr'><strong>caelibis</strong></span> <span class='ocrx_word' id='word_1_88' title='bbox 827 1363 956 1446; x_wconf 83' lang='lat' dir='ltr'><strong>scripsit</strong></span> <span class='ocrx_word' id='word_1_89' title='bbox 979 1361 1167 1445; x_wconf 85' lang='lat' dir='ltr'><strong>Saracenas,</strong></span> <span class='ocrx_word' id='word_1_90' title='bbox 1196 1386 1288 1443; x_wconf 85' lang='lat' dir='ltr'><strong>quum</strong></span> <span class='ocrx_word' id='word_1_91' title='bbox 1311 1373 1360 1429; x_wconf 80' lang='lat' dir='ltr'><strong>ut·</strong></span> 
     </span>
     <span class='ocr_line' id='line_1_11' title="bbox 205 1473 1360 1558; baseline 0.002 -20"><span class='ocrx_word' id='word_1_92' title='bbox 205 1474 280 1538; x_wconf 90' lang='lat' dir='ltr'><strong>Pius</strong></span> <span class='ocrx_word' id='word_1_93' title='bbox 309 1475 425 1557; x_wconf 81' lang='lat' dir='ltr'><strong>suasit,</strong></span> <span class='ocrx_word' id='word_1_94' title='bbox 454 1476 564 1558; x_wconf 87' lang='lat' dir='ltr'><strong>inepte</strong></span> <span class='ocrx_word' id='word_1_95' title='bbox 593 1477 736 1558; x_wconf 83' lang='lat' dir='ltr'><strong>uterque.</strong></span> <span class='ocrx_word' id='word_1_96' title='bbox 782 1473 866 1537; x_wconf 85' lang='lat' dir='ltr'><strong>Mira</strong></span> <span class='ocrx_word' id='word_1_97' title='bbox 893 1496 971 1537; x_wconf 90' lang='lat' dir='ltr'><strong>saue</strong></span> <span class='ocrx_word' id='word_1_98' title='bbox 999 1478 1047 1537; x_wconf 93' lang='lat' dir='ltr'><strong>est</strong></span> <span class='ocrx_word' id='word_1_99' title='bbox 1075 1480 1104 1536; x_wconf 83' lang='lat' dir='ltr'><strong>ci</strong></span> <span class='ocrx_word' id='word_1_100' title='bbox 1124 1474 1211 1538; x_wconf 83' lang='lat' dir='ltr'><strong>vocis</strong></span> <span class='ocrx_word' id='word_1_101' title='bbox 1239 1475 1276 1539; x_wconf 91' lang='lat' dir='ltr'><strong>in</strong></span> <span class='ocrx_word' id='word_1_102' title='bbox 1299 1484 1360 1541; x_wconf 85' lang='lat' dir='ltr'><strong>ccii</strong></span> 
     </span>
     <span class='ocr_line' id='line_1_12' title="bbox 205 1583 1359 1670; baseline 0.003 -22"><span class='ocrx_word' id='word_1_103' title='bbox 205 1585 405 1669; x_wconf 88' lang='lat' dir='ltr'><strong>depravatio,</strong></span> <span class='ocrx_word' id='word_1_104' title='bbox 430 1608 524 1670; x_wconf 87' lang='lat' dir='ltr'><strong>quarn</strong></span> <span class='ocrx_word' id='word_1_105' title='bbox 552 1607 618 1648; x_wconf 90' lang='lat' dir='ltr'><strong>non</strong></span> <span class='ocrx_word' id='word_1_106' title='bbox 640 1583 743 1648; x_wconf 86' lang='lat' dir='ltr'><strong>habeo</strong></span> <span class='ocrx_word' id='word_1_107' title='bbox 766 1607 827 1669; x_wconf 90' lang='lat' dir='ltr'><strong>quo</strong></span> <span class='ocrx_word' id='word_1_108' title='bbox 852 1585 945 1648; x_wconf 92' lang='lat' dir='ltr'><strong>modo</strong></span> <span class='ocrx_word' id='word_1_109' title='bbox 968 1584 1121 1649; x_wconf 88' lang='lat' dir='ltr'><strong>accidisse</strong></span> <span class='ocrx_word' id='word_1_110' title='bbox 1143 1585 1359 1668; x_wconf 72' lang='lat' dir='ltr'><strong>probabiliter</strong></span> 
     </span>
     <span class='ocr_line' id='line_1_13' title="bbox 205 1694 1357 1782; baseline 0.002 -23"><span class='ocrx_word' id='word_1_111' title='bbox 205 1696 429 1759; x_wconf 80' lang='lat' dir='ltr'><strong>demonstrem.</strong></span> <span class='ocrx_word' id='word_1_112' title='bbox 477 1694 516 1782; x_wconf 86' lang='grc' dir='ltr'><strong>[Ε</strong></span> <span class='ocrx_word' id='word_1_113' title='bbox 545 1700 652 1760; x_wconf 87' lang='lat' dir='ltr'><strong>vetere</strong></span> <span class='ocrx_word' id='word_1_114' title='bbox 680 1696 840 1780; x_wconf 86' lang='lat' dir='ltr'><strong>scriptura</strong></span> <span class='ocrx_word' id='word_1_115' title='bbox 867 1718 948 1780; x_wconf 89' lang='lat' dir='ltr'><strong>quae</strong></span> <span class='ocrx_word' id='word_1_116' title='bbox 976 1696 1038 1759; x_wconf 87' lang='lat' dir='ltr'><strong>suit</strong></span> <span class='ocrx_word' id='word_1_117' title='bbox 1064 1712 1122 1758; x_wconf 75' lang='lat' dir='ltr'><strong>nal</strong></span> <span class='ocrx_word' id='word_1_118' title='bbox 1145 1718 1212 1759; x_wconf 86' lang='lat' dir='ltr'><strong>non</strong></span> <span class='ocrx_word' id='word_1_119' title='bbox 1235 1697 1357 1782; x_wconf 90' lang='lat' dir='ltr'><strong>impro-</strong></span> 
     </span>
    </p>
   </div>
   <div class='ocr_carea' id='block_1_3' title="bbox 206 1805 1368 2002">
    <p class='ocr_par' dir='ltr' id='par_1_4' title="bbox 206 1805 1368 2002">
     <span class='ocr_line' id='line_1_14' title="bbox 206 1805 1368 1895; baseline 0.003 -26"><span class='ocrx_word' id='word_1_120' title='bbox 206 1805 355 1871; x_wconf 86' lang='lat' dir='ltr'><strong>babiliter</strong></span> <span class='ocrx_word' id='word_1_121' title='bbox 388 1806 516 1890; x_wconf 87' lang='lat' dir='ltr'><strong>repetiit</strong></span> <span class='ocrx_word' id='word_1_122' title='bbox 544 1806 758 1871; x_wconf 89' lang='lat' dir='ltr'><strong>Buechelerus</strong></span> <span class='ocrx_word' id='word_1_123' title='bbox 792 1807 831 1870; x_wconf 92' lang='lat' dir='ltr'><strong>de</strong></span> <span class='ocrx_word' id='word_1_124' title='bbox 860 1806 940 1870; x_wconf 86' lang='lat' dir='ltr'><strong>decl.</strong></span> <span class='ocrx_word' id='word_1_125' title='bbox 971 1806 1027 1869; x_wconf 87' lang='lat' dir='ltr'><strong>lat.</strong></span> <span class='ocrx_word' id='word_1_126' title='bbox 1056 1829 1087 1890; x_wconf 91' lang='lat' dir='ltr'><strong>p.</strong></span> <span class='ocrx_word' id='word_1_127' title='bbox 1118 1805 1182 1895; x_wconf 72' lang='lat' dir='ltr'><strong>hh]</strong></span> <span class='ocrx_word' id='word_1_128' title='bbox 1236 1807 1368 1883; x_wconf 79' lang='lat' dir='ltr'><strong>Quodsi</strong></span> 
     </span>
     <span class='ocr_line' id='line_1_15' title="bbox 206 1916 1360 2002; baseline 0.005 -24"><span class='ocrx_word' id='word_1_129' title='bbox 206 1916 413 1983; x_wconf 86' lang='lat' dir='ltr'><strong>artificiorum</strong></span> <span class='ocrx_word' id='word_1_130' title='bbox 436 1917 593 1980; x_wconf 86' lang='lat' dir='ltr'><strong>machinis</strong></span> <span class='ocrx_word' id='word_1_131' title='bbox 608 1918 798 2001; x_wconf 89' lang='lat' dir='ltr'><strong>quibusdam</strong></span> <span class='ocrx_word' id='word_1_132' title='bbox 821 1918 988 2001; x_wconf 90' lang='lat' dir='ltr'><strong>indulgere</strong></span> <span class='ocrx_word' id='word_1_133' title='bbox 1010 1917 1131 2000; x_wconf 87' lang='lat' dir='ltr'><strong>liceret,</strong></span> <span class='ocrx_word' id='word_1_134' title='bbox 1157 1918 1297 2002; x_wconf 85' lang='lat' dir='ltr'><strong>cogitari</strong></span> <span class='ocrx_word' id='word_1_135' title='bbox 1320 1920 1360 1985; x_wconf 88' lang='lat' dir='ltr'><strong>de</strong></span> 
     </span>
    </p>
   </div>
   <div class='ocr_carea' id='block_1_4' title="bbox 206 2026 947 2112">
    <p class='ocr_par' dir='ltr' id='par_1_5' title="bbox 206 2026 947 2112">
     <span class='ocr_line' id='line_1_16' title="bbox 206 2026 947 2112; baseline 0.003 -24"><span class='ocrx_word' id='word_1_136' title='bbox 206 2026 398 2112; x_wconf 81' lang='lat' dir='ltr'><strong>glossemate</strong></span> <span class='ocrx_word' id='word_1_137' title='bbox 421 2031 528 2111; x_wconf 89' lang='lat' dir='ltr'><strong>posset</strong></span> <span class='ocrx_word' id='word_1_138' title='bbox 551 2031 583 2092; x_wconf 91' lang='lat' dir='ltr'><strong>et</strong></span> <span class='ocrx_word' id='word_1_139' title='bbox 604 2029 692 2092; x_wconf 88' lang='lat' dir='ltr'><strong>velut</strong></span> <span class='ocrx_word' id='word_1_140' title='bbox 713 2027 773 2092; x_wconf 89' lang='lat' dir='ltr'><strong>hoc</strong></span> <span class='ocrx_word' id='word_1_141' title='bbox 795 2027 947 2112; x_wconf 91' lang='lat' dir='ltr'><strong>proponi:</strong></span> 
     </span>
    </p>
   </div>
   <div class='ocr_carea' id='block_1_5' title="bbox 431 2170 1116 2331">
    <p class='ocr_par' dir='ltr' id='par_1_6' title="bbox 431 2170 1116 2331">
     <span class='ocr_line' id='line_1_17' title="bbox 432 2170 1116 2245; baseline -0.001 -16"><span class='ocrx_word' id='word_1_142' title='bbox 432 2174 572 2229; x_wconf 85' lang='lat' dir='ltr'><strong>omissam</strong></span> <span class='ocrx_word' id='word_1_143' title='bbox 595 2172 685 2229; x_wconf 86' lang='lat' dir='ltr'><strong>faciat</strong></span> <span class='ocrx_word' id='word_1_144' title='bbox 707 2170 871 2242; x_wconf 78' lang='lat' dir='ltr'><strong>mulierem,</strong></span> <span class='ocrx_word' id='word_1_145' title='bbox 896 2189 987 2245; x_wconf 88' lang='lat' dir='ltr'><strong>quom</strong></span> <span class='ocrx_word' id='word_1_146' title='bbox 1011 2171 1116 2228; x_wconf 74' lang='lat' dir='ltr'><strong>caelibi</strong></span> 
     </span>
     <span class='ocr_line' id='line_1_18' title="bbox 431 2256 996 2331; baseline -0.005 -16"><span class='ocrx_word' id='word_1_147' title='bbox 431 2260 510 2315; x_wconf 79' lang='lat' dir='ltr'><strong>sonis</strong></span> <span class='ocrx_word' id='word_1_148' title='bbox 533 2257 624 2315; x_wconf 86' lang='lat' dir='ltr'><strong>vieini</strong></span> <span class='ocrx_word' id='word_1_149' title='bbox 647 2257 750 2331; x_wconf 77' lang='lat' dir='ltr'><strong>eripiat</strong></span> <span class='ocrx_word' id='word_1_150' title='bbox 772 2275 847 2314; x_wconf 84' lang='lat' dir='ltr'><strong>uxor</strong></span> <span class='ocrx_word' id='word_1_151' title='bbox 870 2256 996 2314; x_wconf 79' lang='lat' dir='ltr'><strong>nubere:</strong></span> 
     </span>
    </p>
   </div>
   <div class='ocr_carea' id='block_1_6' title="bbox 120 2392 1358 2471">
    <p class='ocr_par' dir='ltr' id='par_1_7' title="bbox 120 2392 1358 2471">
     <span class='ocr_line' id='line_1_19' title="bbox 120 2392 1358 2471; baseline 0.004 -21"><span class='ocrx_word' id='word_1_152' title='bbox 120 2428 123 2433; x_wconf 89' lang='lat'><em>·</em></span> <span class='ocrx_word' id='word_1_153' title='bbox 188 2411 282 2465; x_wconf 31' lang='lat' dir='ltr'><strong>,nam</strong></span> <span class='ocrx_word' id='word_1_154' title='bbox 310 2411 376 2451; x_wconf 90' lang='lat' dir='ltr'><strong>uon</strong></span> <span class='ocrx_word' id='word_1_155' title='bbox 405 2409 476 2450; x_wconf 86' lang='lat' dir='ltr'><strong>raro</strong></span> <span class='ocrx_word' id='word_1_156' title='bbox 506 2392 538 2451; x_wconf 91' lang='lat' dir='ltr'><strong>et</strong></span> <span class='ocrx_word' id='word_1_157' title='bbox 560 2394 683 2466; x_wconf 81' lang='lat' dir='ltr'><strong>quaudo</strong></span> <span class='ocrx_word' id='word_1_158' title='bbox 705 2395 846 2466; x_wconf 84' lang='lat' dir='ltr'><strong>quonium</strong></span> <span class='ocrx_word' id='word_1_159' title='bbox 870 2408 956 2466; x_wconf 83' lang='lat' dir='ltr'><strong>quom</strong></span> <span class='ocrx_word' id='word_1_160' title='bbox 983 2407 1052 2450; x_wconf 90' lang='lat' dir='ltr'><strong>esse</strong></span> <span class='ocrx_word' id='word_1_161' title='bbox 1074 2392 1260 2471; x_wconf 89' lang='lat' dir='ltr'><strong>permutata</strong></span> <span class='ocrx_word' id='word_1_162' title='bbox 1283 2413 1358 2455; x_wconf 88' lang='lat' dir='ltr'><strong>con·</strong></span> 
     </span>
    </p>
   </div>
   <div class='ocr_carea' id='block_1_7' title="bbox 148 2496 1410 3138">
    <p class='ocr_par' dir='ltr' id='par_1_8' title="bbox 148 2496 1410 3138">
     <span class='ocr_line' id='line_1_20' title="bbox 206 2496 1358 2582; baseline 0.004 -22"><span class='ocrx_word' id='word_1_163' title='bbox 206 2502 271 2562; x_wconf 86' lang='lat' dir='ltr'><strong>stat</strong></span> <span class='ocrx_word' id='word_1_164' title='bbox 294 2503 326 2563; x_wconf 87' lang='lat' dir='ltr'><strong>ct</strong></span> <span class='ocrx_word' id='word_1_165' title='bbox 348 2499 382 2562; x_wconf 90' lang='lat' dir='ltr'><strong>iu</strong></span> <span class='ocrx_word' id='word_1_166' title='bbox 415 2499 486 2582; x_wconf 92' lang='lat' dir='ltr'><strong>ipso</strong></span> <span class='ocrx_word' id='word_1_167' title='bbox 508 2520 655 2562; x_wconf 85' lang='lat' dir='ltr'><strong>versuum</strong></span> <span class='ocrx_word' id='word_1_168' title='bbox 678 2499 765 2561; x_wconf 80' lang='lat' dir='ltr'><strong>exitu</strong></span> <span class='ocrx_word' id='word_1_169' title='bbox 800 2497 939 2582; x_wconf 88' lang='lat' dir='ltr'><strong>aliquam</strong></span> <span class='ocrx_word' id='word_1_170' title='bbox 968 2496 1017 2560; x_wconf 86' lang='lat' dir='ltr'><strong>vel</strong></span> <span class='ocrx_word' id='word_1_171' title='bbox 1044 2497 1201 2581; x_wconf 81' lang='lat' dir='ltr'><strong>syllabam</strong></span> <span class='ocrx_word' id='word_1_172' title='bbox 1224 2500 1276 2563; x_wconf 90' lang='lat' dir='ltr'><strong>vel</strong></span> <span class='ocrx_word' id='word_1_173' title='bbox 1305 2524 1358 2565; x_wconf 89' lang='lat' dir='ltr'><strong>vo·</strong></span> 
     </span>
     <span class='ocr_line' id='line_1_21' title="bbox 148 2608 1359 2697; baseline 0.002 -24"><span class='ocrx_word' id='word_1_174' title='bbox 148 2694 149 2697; x_wconf 14' lang='grc'>,</span> <span class='ocrx_word' id='word_1_175' title='bbox 207 2609 312 2673; x_wconf 88' lang='lat' dir='ltr'><strong>culam</strong></span> <span class='ocrx_word' id='word_1_176' title='bbox 338 2608 502 2673; x_wconf 85' lang='lat' dir='ltr'><strong>excidisse.</strong></span> <span class='ocrx_word' id='word_1_177' title='bbox 549 2609 610 2673; x_wconf 79' lang='lat' dir='ltr'><strong>Sed</strong></span> <span class='ocrx_word' id='word_1_178' title='bbox 639 2612 765 2690; x_wconf 87' lang='lat' dir='ltr'><strong>tamen,</strong></span> <span class='ocrx_word' id='word_1_179' title='bbox 802 2631 873 2672; x_wconf 90' lang='lat' dir='ltr'><strong>cum</strong></span> <span class='ocrx_word' id='word_1_180' title='bbox 901 2614 1010 2671; x_wconf 83' lang='lat' dir='ltr'><strong>cucliti</strong></span> <span class='ocrx_word' id='word_1_181' title='bbox 1035 2631 1101 2671; x_wconf 89' lang='lat' dir='ltr'><strong>non</strong></span> <span class='ocrx_word' id='word_1_182' title='bbox 1130 2610 1233 2693; x_wconf 88' lang='lat' dir='ltr'><strong>possit</strong></span> <span class='ocrx_word' id='word_1_183' title='bbox 1263 2611 1359 2675; x_wconf 85' lang='lat' dir='ltr'><strong>aliter</strong></span> 
     </span>
     <span class='ocr_line' id='line_1_22' title="bbox 206 2718 1410 2804; baseline 0.002 -21"><span class='ocrx_word' id='word_1_184' title='bbox 206 2720 327 2783; x_wconf 91' lang='lat' dir='ltr'><strong>dictum</strong></span> <span class='ocrx_word' id='word_1_185' title='bbox 355 2741 422 2783; x_wconf 88' lang='lat' dir='ltr'><strong>esse</strong></span> <span class='ocrx_word' id='word_1_186' title='bbox 450 2720 513 2783; x_wconf 90' lang='lat' dir='ltr'><strong>nisi</strong></span> <span class='ocrx_word' id='word_1_187' title='bbox 542 2723 578 2783; x_wconf 93' lang='lat' dir='ltr'><strong>ut</strong></span> <span class='ocrx_word' id='word_1_188' title='bbox 605 2720 711 2783; x_wconf 87' lang='lat' dir='ltr'><strong>valeat</strong></span> <span class='ocrx_word' id='word_1_189' title='bbox 738 2727 850 2801; x_wconf 79' lang='lat' dir='ltr'><strong>quippe</strong></span> <span class='ocrx_word' id='word_1_190' title='bbox 877 2726 931 2798; x_wconf 78' lang='lat' dir='ltr'><strong>qui</strong></span> <span class='ocrx_word' id='word_1_191' title='bbox 950 2718 1067 2783; x_wconf 79' lang='lat' dir='ltr'><strong>cdclclrs</strong></span> <span class='ocrx_word' id='word_1_192' title='bbox 1087 2726 1140 2802; x_wconf 81' lang='lat' dir='ltr'><strong>sil,</strong></span> <span class='ocrx_word' id='word_1_193' title='bbox 1165 2719 1226 2785; x_wconf 89' lang='lat' dir='ltr'><strong>hoc</strong></span> <span class='ocrx_word' id='word_1_194' title='bbox 1250 2723 1357 2804; x_wconf 90' lang='lat' dir='ltr'><strong>ipsum</strong></span> <span class='ocrx_word' id='word_1_195' title='bbox 1409 2793 1410 2796; x_wconf 8' lang='grc' dir='ltr'><strong>Ἴ</strong></span> 
     </span>
     <span class='ocr_line' id='line_1_23' title="bbox 206 2829 1357 2918; baseline 0.004 -27"><span class='ocrx_word' id='word_1_196' title='bbox 206 2852 336 2918; x_wconf 81' lang='lat' dir='ltr'><strong>prorsus</strong></span> <span class='ocrx_word' id='word_1_197' title='bbox 364 2851 429 2892; x_wconf 91' lang='lat' dir='ltr'><strong>non</strong></span> <span class='ocrx_word' id='word_1_198' title='bbox 458 2830 675 2916; x_wconf 82' lang='lat' dir='ltr'><strong>intellegimus</strong></span> <span class='ocrx_word' id='word_1_199' title='bbox 704 2853 760 2894; x_wconf 89' lang='lat' dir='ltr'><strong>cur</strong></span> <span class='ocrx_word' id='word_1_200' title='bbox 786 2831 917 2893; x_wconf 86' lang='lat' dir='ltr'><strong>taudem</strong></span> <span class='ocrx_word' id='word_1_201' title='bbox 946 2829 1097 2912; x_wconf 80' lang='lat' dir='ltr'><strong>addatur,</strong></span> <span class='ocrx_word' id='word_1_202' title='bbox 1121 2831 1251 2914; x_wconf 85' lang='lat' dir='ltr'><strong>quando</strong></span> <span class='ocrx_word' id='word_1_203' title='bbox 1274 2833 1357 2896; x_wconf 89' lang='lat' dir='ltr'><strong>nihil</strong></span> 
     </span>
     <span class='ocr_line' id='line_1_24' title="bbox 207 2940 1356 3025; baseline 0.005 -22"><span class='ocrx_word' id='word_1_204' title='bbox 207 2944 256 3004; x_wconf 89' lang='lat' dir='ltr'><strong>est</strong></span> <span class='ocrx_word' id='word_1_205' title='bbox 283 2962 339 3003; x_wconf 91' lang='lat' dir='ltr'><strong>cur</strong></span> <span class='ocrx_word' id='word_1_206' title='bbox 366 2962 496 3004; x_wconf 88' lang='lat' dir='ltr'><strong>uxorem</strong></span> <span class='ocrx_word' id='word_1_207' title='bbox 524 2941 674 3012; x_wconf 85' lang='lat' dir='ltr'><strong>habuisse</strong></span> <span class='ocrx_word' id='word_1_208' title='bbox 701 2941 806 3025; x_wconf 89' lang='lat' dir='ltr'><strong>potius</strong></span> <span class='ocrx_word' id='word_1_209' title='bbox 837 2963 932 3024; x_wconf 86' lang='lat' dir='ltr'><strong>quam</strong></span> <span class='ocrx_word' id='word_1_210' title='bbox 954 2962 1019 3004; x_wconf 90' lang='lat' dir='ltr'><strong>non</strong></span> <span class='ocrx_word' id='word_1_211' title='bbox 1046 2940 1197 3005; x_wconf 89' lang='lat' dir='ltr'><strong>hahuisse</strong></span> <span class='ocrx_word' id='word_1_212' title='bbox 1219 2943 1356 3008; x_wconf 88' lang='lat' dir='ltr'><strong>militem</strong></span> 
     </span>
     <span class='ocr_line' id='line_1_25' title="bbox 207 3050 1356 3138; baseline 0.005 -25"><span class='ocrx_word' id='word_1_213' title='bbox 207 3050 414 3133; x_wconf 88' lang='lat' dir='ltr'><strong>suspicemur.</strong></span> <span class='ocrx_word' id='word_1_214' title='bbox 459 3050 550 3114; x_wconf 90' lang='lat' dir='ltr'><strong>Nihil</strong></span> <span class='ocrx_word' id='word_1_215' title='bbox 578 3056 684 3116; x_wconf 89' lang='lat' dir='ltr'><strong>autem</strong></span> <span class='ocrx_word' id='word_1_216' title='bbox 711 3051 896 3116; x_wconf 88' lang='lat' dir='ltr'><strong>offensionis</strong></span> <span class='ocrx_word' id='word_1_217' title='bbox 930 3051 1014 3135; x_wconf 90' lang='lat' dir='ltr'><strong>apud</strong></span> <span class='ocrx_word' id='word_1_218' title='bbox 1041 3050 1192 3115; x_wconf 89' lang='lat' dir='ltr'><strong>Plautum</strong></span> <span class='ocrx_word' id='word_1_219' title='bbox 1227 3054 1356 3138; x_wconf 86' lang='lat' dir='ltr'><strong>quidem</strong></span> 
     </span>
    </p>
   </div>
   <div class='ocr_carea' id='block_1_8' title="bbox 206 3161 1356 3357">
    <p class='ocr_par' dir='ltr' id='par_1_9' title="bbox 206 3161 1356 3357">
     <span class='ocr_line' id='line_1_26' title="bbox 207 3161 1356 3248; baseline 0.005 -24"><span class='ocrx_word' id='word_1_220' title='bbox 207 3161 241 3224; x_wconf 88' lang='lat' dir='ltr'><strong>in</strong></span> <span class='ocrx_word' id='word_1_221' title='bbox 263 3161 333 3244; x_wconf 92' lang='lat' dir='ltr'><strong>ipso</strong></span> <span class='ocrx_word' id='word_1_222' title='bbox 355 3162 419 3224; x_wconf 91' lang='lat' dir='ltr'><strong>fine</strong></span> <span class='ocrx_word' id='word_1_223' title='bbox 442 3183 550 3225; x_wconf 84' lang='lat' dir='ltr'><strong>versus</strong></span> <span class='ocrx_word' id='word_1_224' title='bbox 572 3164 712 3248; x_wconf 88' lang='lat' dir='ltr'><strong>positum</strong></span> <span class='ocrx_word' id='word_1_225' title='bbox 734 3169 764 3225; x_wconf 83' lang='lat' dir='ltr'><strong>ci</strong></span> <span class='ocrx_word' id='word_1_226' title='bbox 784 3161 892 3245; x_wconf 89' lang='lat' dir='ltr'><strong>habet,</strong></span> <span class='ocrx_word' id='word_1_227' title='bbox 917 3162 1043 3247; x_wconf 87' lang='lat' dir='ltr'><strong>quando</strong></span> <span class='ocrx_word' id='word_1_228' title='bbox 1064 3185 1130 3227; x_wconf 92' lang='lat' dir='ltr'><strong>non</strong></span> <span class='ocrx_word' id='word_1_229' title='bbox 1153 3163 1263 3228; x_wconf 86' lang='lat' dir='ltr'><strong>dativo</strong></span> <span class='ocrx_word' id='word_1_230' title='bbox 1284 3170 1356 3230; x_wconf 84' lang='lat' dir='ltr'><strong>tan·</strong></span> 
     </span>
     <span class='ocr_line' id='line_1_27' title="bbox 206 3272 761 3357; baseline 0.004 -20"><span class='ocrx_word' id='word_1_231' title='bbox 206 3276 276 3337; x_wconf 88' lang='lat' dir='ltr'><strong>tum</strong></span> <span class='ocrx_word' id='word_1_232' title='bbox 299 3293 374 3335; x_wconf 87' lang='lat' dir='ltr'><strong>casu</strong></span> <span class='ocrx_word' id='word_1_233' title='bbox 397 3272 477 3336; x_wconf 84' lang='lat' dir='ltr'><strong>dixit</strong></span> <span class='ocrx_word' id='word_1_234' title='bbox 499 3273 566 3337; x_wconf 87' lang='lat' dir='ltr'><strong>Mil.</strong></span> <span class='ocrx_word' id='word_1_235' title='bbox 591 3273 648 3357; x_wconf 87' lang='lat' dir='ltr'><strong>IV,</strong></span> <span class='ocrx_word' id='word_1_236' title='bbox 672 3275 702 3356; x_wconf 85' lang='lat'><strong>5,</strong></span> <span class='ocrx_word' id='word_1_237' title='bbox 726 3275 761 3338; x_wconf 73' lang='grc' dir='ltr'><strong>ὗε</strong></span> 
     </span>
    </p>
   </div>
   <div class='ocr_carea' id='block_1_9' title="bbox 206 3415 1360 4431">
    <p class='ocr_par' dir='ltr' id='par_1_10' title="bbox 206 3415 1360 4338">
     <span class='ocr_line' id='line_1_28' title="bbox 304 3415 1235 3494; baseline 0 -20"><span class='ocrx_word' id='word_1_238' title='bbox 304 3417 408 3474; x_wconf 78' lang='lat' dir='ltr'><strong>Vtrum</strong></span> <span class='ocrx_word' id='word_1_239' title='bbox 431 3419 582 3489; x_wconf 85' lang='lat' dir='ltr'><strong>postremo</strong></span> <span class='ocrx_word' id='word_1_240' title='bbox 605 3417 766 3492; x_wconf 80' lang='lat' dir='ltr'><strong>impetravi</strong></span> <span class='ocrx_word' id='word_1_241' title='bbox 787 3419 822 3473; x_wconf 90' lang='lat' dir='ltr'><strong>ut</strong></span> <span class='ocrx_word' id='word_1_242' title='bbox 845 3415 936 3485; x_wconf 75' lang='lat' dir='ltr'><strong>volui,</strong></span> <span class='ocrx_word' id='word_1_243' title='bbox 960 3415 1131 3491; x_wconf 83' lang='lat' dir='ltr'><strong>donavique</strong></span> <span class='ocrx_word' id='word_1_244' title='bbox 1154 3415 1235 3494; x_wconf 77' lang='lat' dir='ltr'><strong>ei:*)</strong></span> 
     </span>
     <span class='ocr_line' id='line_1_29' title="bbox 206 3612 1356 3686; baseline -0.002 -13"><span class='ocrx_word' id='word_1_245' title='bbox 206 3618 372 3686; x_wconf 82' lang='lat' dir='ltr'><strong>argumento</strong></span> <span class='ocrx_word' id='word_1_246' title='bbox 391 3634 442 3686; x_wconf 90' lang='lat' dir='ltr'><strong>pro</strong></span> <span class='ocrx_word' id='word_1_247' title='bbox 462 3617 605 3672; x_wconf 84' lang='lat' dir='ltr'><strong>Ridiculis</strong></span> <span class='ocrx_word' id='word_1_248' title='bbox 624 3623 716 3671; x_wconf 81' lang='lat' dir='ltr'><strong>uuicm</strong></span> <span class='ocrx_word' id='word_1_249' title='bbox 735 3615 814 3669; x_wconf 88' lang='lat' dir='ltr'><strong>video</strong></span> <span class='ocrx_word' id='word_1_250' title='bbox 834 3614 869 3667; x_wconf 71' lang='lat' dir='ltr'><strong>alr</strong></span> <span class='ocrx_word' id='word_1_251' title='bbox 889 3614 920 3667; x_wconf 89' lang='grc' dir='ltr'><strong>Ο.</strong></span> <span class='ocrx_word' id='word_1_252' title='bbox 935 3613 1071 3681; x_wconf 78' lang='lat' dir='ltr'><strong>Seyffeao</strong></span> <span class='ocrx_word' id='word_1_253' title='bbox 1084 3612 1227 3683; x_wconf 83' lang='lat' dir='ltr'><strong>Philologi</strong></span> <span class='ocrx_word' id='word_1_254' title='bbox 1245 3624 1265 3669; x_wconf 80' lang='lat' dir='ltr'><strong>t.</strong></span> <span class='ocrx_word' id='word_1_255' title='bbox 1279 3617 1356 3671; x_wconf 68' lang='lat' dir='ltr'><strong>:mv</strong></span> 
     </span>
     <span class='ocr_line' id='line_1_30' title="bbox 207 3696 1357 3783; baseline 0.001 -19"><span class='ocrx_word' id='word_1_256' title='bbox 207 3733 234 3783; x_wconf 87' lang='lat' dir='ltr'><strong>p.</strong></span> <span class='ocrx_word' id='word_1_257' title='bbox 254 3719 304 3767; x_wconf 83' lang='grc'><strong>439</strong></span> <span class='ocrx_word' id='word_1_258' title='bbox 323 3709 513 3765; x_wconf 87' lang='lat' dir='ltr'><strong>commendari</strong></span> <span class='ocrx_word' id='word_1_259' title='bbox 533 3711 663 3765; x_wconf 83' lang='lat' dir='ltr'><strong>Ridicule</strong></span> <span class='ocrx_word' id='word_1_260' title='bbox 687 3712 711 3765; x_wconf 86' lang='lat' dir='ltr'><strong>is</strong></span> <span class='ocrx_word' id='word_1_261' title='bbox 730 3715 823 3765; x_wconf 85' lang='lat' dir='ltr'><strong>uuicm</strong></span> <span class='ocrx_word' id='word_1_262' title='bbox 847 3728 888 3758; x_wconf 63' lang='lat'><strong>—=:</strong></span> <span class='ocrx_word' id='word_1_263' title='bbox 918 3723 975 3759; x_wconf 90' lang='lat' dir='ltr'><strong>non</strong></span> <span class='ocrx_word' id='word_1_264' title='bbox 997 3707 1091 3775; x_wconf 86' lang='lat' dir='ltr'><strong>inepte</strong></span> <span class='ocrx_word' id='word_1_265' title='bbox 1113 3705 1142 3759; x_wconf 90' lang='lat' dir='ltr'><strong>id</strong></span> <span class='ocrx_word' id='word_1_266' title='bbox 1166 3696 1294 3775; x_wconf 54' lang='lat' dir='ltr'><strong>quidem*</strong></span> <span class='ocrx_word' id='word_1_267' title='bbox 1307 3730 1357 3780; x_wconf 85' lang='lat' dir='ltr'><strong>per</strong></span> 
     </span>
     <span class='ocr_line' id='line_1_31' title="bbox 207 3799 1358 3873; baseline -0.003 -12"><span class='ocrx_word' id='word_1_268' title='bbox 207 3826 244 3872; x_wconf 85' lang='lat' dir='ltr'><strong>se,</strong></span> <span class='ocrx_word' id='word_1_269' title='bbox 263 3807 311 3861; x_wconf 89' lang='lat' dir='ltr'><strong>sed</strong></span> <span class='ocrx_word' id='word_1_270' title='bbox 329 3806 379 3860; x_wconf 88' lang='lat' dir='ltr'><strong>tali</strong></span> <span class='ocrx_word' id='word_1_271' title='bbox 398 3801 640 3873; x_wconf 81' lang='lat' dir='ltr'><strong>argumentatione</strong></span> <span class='ocrx_word' id='word_1_272' title='bbox 659 3801 766 3866; x_wconf 87' lang='lat' dir='ltr'><strong>fultum,</strong></span> <span class='ocrx_word' id='word_1_273' title='bbox 785 3819 869 3869; x_wconf 86' lang='lat' dir='ltr'><strong>quam</strong></span> <span class='ocrx_word' id='word_1_274' title='bbox 882 3800 948 3852; x_wconf 84' lang='lat' dir='ltr'><strong>satis</strong></span> <span class='ocrx_word' id='word_1_275' title='bbox 961 3799 1094 3854; x_wconf 84' lang='lat' dir='ltr'><strong>admirari</strong></span> <span class='ocrx_word' id='word_1_276' title='bbox 1111 3817 1260 3868; x_wconf 79' lang='lat' dir='ltr'><strong>nequeam.</strong></span> <span class='ocrx_word' id='word_1_277' title='bbox 1286 3805 1358 3858; x_wconf 91' lang='lat' dir='ltr'><strong>Illud</strong></span> 
     </span>
     <span class='ocr_line' id='line_1_32' title="bbox 208 3892 1360 3968; baseline 0 -16"><span class='ocrx_word' id='word_1_278' title='bbox 208 3901 283 3954; x_wconf 83' lang='lat' dir='ltr'><strong>enim</strong></span> <span class='ocrx_word' id='word_1_279' title='bbox 303 3903 442 3963; x_wconf 80' lang='lat' dir='ltr'><strong>ridiculis,</strong></span> <span class='ocrx_word' id='word_1_280' title='bbox 462 3896 628 3965; x_wconf 81' lang='lat' dir='ltr'><strong>Seyffertum</strong></span> <span class='ocrx_word' id='word_1_281' title='bbox 648 3895 671 3948; x_wconf 89' lang='lat' dir='ltr'><strong>si</strong></span> <span class='ocrx_word' id='word_1_282' title='bbox 690 3894 825 3959; x_wconf 88' lang='lat' dir='ltr'><strong>audimus,</strong></span> <span class='ocrx_word' id='word_1_283' title='bbox 845 3894 928 3947; x_wconf 78' lang='lat' dir='ltr'><strong>‘litsst</strong></span> <span class='ocrx_word' id='word_1_284' title='bbox 946 3892 1004 3946; x_wconf 88' lang='lat' dir='ltr'><strong>sich</strong></span> <span class='ocrx_word' id='word_1_285' title='bbox 1022 3912 1074 3947; x_wconf 88' lang='lat' dir='ltr'><strong>nur</strong></span> <span class='ocrx_word' id='word_1_286' title='bbox 1087 3893 1174 3947; x_wconf 90' lang='lat' dir='ltr'><strong>durch</strong></span> <span class='ocrx_word' id='word_1_287' title='bbox 1186 3895 1360 3968; x_wconf 72' lang='lat' dir='ltr'><strong>Ergiinzuug</strong></span> 
     </span>
     <span class='ocr_line' id='line_1_33' title="bbox 208 3986 1359 4069; baseline -0.002 -22"><span class='ocrx_word' id='word_1_288' title='bbox 208 4013 262 4047; x_wconf 82' lang='lat' dir='ltr'><strong>von</strong></span> <span class='ocrx_word' id='word_1_289' title='bbox 281 3998 371 4051; x_wconf 82' lang='lat' dir='ltr'><strong>modis</strong></span> <span class='ocrx_word' id='word_1_290' title='bbox 390 3993 457 4046; x_wconf 86' lang='lat' dir='ltr'><strong>oder</strong></span> <span class='ocrx_word' id='word_1_291' title='bbox 475 3989 653 4057; x_wconf 79' lang='lat' dir='ltr'><strong>dergicichen</strong></span> <span class='ocrx_word' id='word_1_292' title='bbox 672 3987 826 4041; x_wconf 74' lang='lat' dir='ltr'><strong>erkltren&#39;:</strong></span> <span class='ocrx_word' id='word_1_293' title='bbox 850 3986 879 4039; x_wconf 88' lang='lat' dir='ltr'><strong>id</strong></span> <span class='ocrx_word' id='word_1_294' title='bbox 897 3987 973 4055; x_wconf 89' lang='lat' dir='ltr'><strong>quod</strong></span> <span class='ocrx_word' id='word_1_295' title='bbox 990 3988 1049 4040; x_wconf 84' lang='lat' dir='ltr'><strong>tam</strong></span> <span class='ocrx_word' id='word_1_296' title='bbox 1066 3986 1221 4069; x_wconf 77' lang='lat' dir='ltr'><strong>insolenter</strong></span> <span class='ocrx_word' id='word_1_297' title='bbox 1238 3990 1310 4058; x_wconf 84' lang='lat' dir='ltr'><strong>fieri,</strong></span> <span class='ocrx_word' id='word_1_298' title='bbox 1328 3994 1359 4045; x_wconf 85' lang='lat' dir='ltr'><strong>ut</strong></span> 
     </span>
     <span class='ocr_line' id='line_1_34' title="bbox 208 4080 1359 4155; baseline -0.004 -13"><span class='ocrx_word' id='word_1_299' title='bbox 208 4087 365 4155; x_wconf 78' lang='lat' dir='ltr'><strong>argumenti</strong></span> <span class='ocrx_word' id='word_1_300' title='bbox 379 4083 508 4155; x_wconf 82' lang='lat' dir='ltr'><strong>scriptori</strong></span> <span class='ocrx_word' id='word_1_301' title='bbox 527 4082 613 4136; x_wconf 87' lang='lat' dir='ltr'><strong>tribui</strong></span> <span class='ocrx_word' id='word_1_302' title='bbox 631 4082 761 4149; x_wconf 87' lang='lat' dir='ltr'><strong>nequeat.</strong></span> <span class='ocrx_word' id='word_1_303' title='bbox 784 4080 895 4150; x_wconf 81' lang='lat' dir='ltr'><strong>Ergone</strong></span> <span class='ocrx_word' id='word_1_304' title='bbox 915 4082 1086 4137; x_wconf 82' lang='lat' dir='ltr'><strong>ridicularia</strong></span> <span class='ocrx_word' id='word_1_305' title='bbox 1103 4081 1168 4134; x_wconf 75' lang='lat' dir='ltr'><strong>srmt</strong></span> <span class='ocrx_word' id='word_1_306' title='bbox 1186 4082 1359 4139; x_wconf 78' lang='lat' dir='ltr'><strong>‘ridicularii</strong></span> 
     </span>
     <span class='ocr_line' id='line_1_35' title="bbox 208 4173 1359 4247; baseline -0.001 -14"><span class='ocrx_word' id='word_1_307' title='bbox 208 4180 318 4233; x_wconf 79' lang='lat' dir='ltr'><strong>modi’?</strong></span> <span class='ocrx_word' id='word_1_308' title='bbox 353 4181 395 4232; x_wconf 77' lang='lat' dir='ltr'><strong>An</strong></span> <span class='ocrx_word' id='word_1_309' title='bbox 414 4196 476 4233; x_wconf 81' lang='lat' dir='ltr'><strong>curn</strong></span> <span class='ocrx_word' id='word_1_310' title='bbox 496 4186 578 4229; x_wconf 81' lang='lat' dir='ltr'><strong>‘vera</strong></span> <span class='ocrx_word' id='word_1_311' title='bbox 596 4174 686 4229; x_wconf 80' lang='lat' dir='ltr'><strong>talsis’</strong></span> <span class='ocrx_word' id='word_1_312' title='bbox 706 4173 815 4227; x_wconf 88' lang='lat' dir='ltr'><strong>misceri</strong></span> <span class='ocrx_word' id='word_1_313' title='bbox 833 4173 960 4239; x_wconf 88' lang='lat' dir='ltr'><strong>dicimus,</strong></span> <span class='ocrx_word' id='word_1_314' title='bbox 985 4173 1019 4228; x_wconf 89' lang='lat' dir='ltr'><strong>de</strong></span> <span class='ocrx_word' id='word_1_315' title='bbox 1043 4174 1132 4228; x_wconf 79' lang='lat' dir='ltr'><strong>‘veris</strong></span> <span class='ocrx_word' id='word_1_316' title='bbox 1154 4175 1261 4229; x_wconf 87' lang='lat' dir='ltr'><strong>modis’</strong></span> <span class='ocrx_word' id='word_1_317' title='bbox 1281 4177 1359 4247; x_wconf 76' lang='lat' dir='ltr'><strong>cogi-</strong></span> 
     </span>
     <span class='ocr_line' id='line_1_36' title="bbox 207 4269 820 4338; baseline -0.013 -10"><span class='ocrx_word' id='word_1_318' title='bbox 207 4275 299 4328; x_wconf 84' lang='lat' dir='ltr'><strong>tamus</strong></span> <span class='ocrx_word' id='word_1_319' title='bbox 319 4271 366 4338; x_wconf 89' lang='lat' dir='ltr'><strong>qui</strong></span> <span class='ocrx_word' id='word_1_320' title='bbox 385 4272 476 4325; x_wconf 80' lang='lat' dir='ltr'><strong>‘falsis</strong></span> <span class='ocrx_word' id='word_1_321' title='bbox 495 4269 598 4325; x_wconf 84' lang='lat' dir='ltr'><strong>modis&#39;</strong></span> <span class='ocrx_word' id='word_1_322' title='bbox 618 4269 820 4338; x_wconf 86' lang='lat' dir='ltr'><strong>opponantur?]</strong></span> 
     </span>
    </p>

    <p class='ocr_par' dir='ltr' id='par_1_11' title="bbox 276 4361 1359 4431">
     <span class='ocr_line' id='line_1_37' title="bbox 276 4361 1359 4431; baseline 0.008 -16"><span class='ocrx_word' id='word_1_323' title='bbox 276 4365 300 4431; x_wconf 71' lang='lat'><strong>¹¹³)</strong></span> <span class='ocrx_word' id='word_1_324' title='bbox 333 4363 387 4431; x_wconf 83' lang='lat' dir='ltr'><strong>[lbi</strong></span> <span class='ocrx_word' id='word_1_325' title='bbox 406 4364 535 4431; x_wconf 86' lang='lat' dir='ltr'><strong>quoniam</strong></span> <span class='ocrx_word' id='word_1_326' title='bbox 554 4361 679 4417; x_wconf 86' lang='lat' dir='ltr'><strong>inlibris</strong></span> <span class='ocrx_word' id='word_1_327' title='bbox 698 4362 778 4416; x_wconf 86' lang='lat' dir='ltr'><strong>valde</strong></span> <span class='ocrx_word' id='word_1_328' title='bbox 797 4363 927 4430; x_wconf 85' lang='lat' dir='ltr'><strong>corrupte</strong></span> <span class='ocrx_word' id='word_1_329' title='bbox 945 4362 988 4415; x_wconf 88' lang='lat' dir='ltr'><strong>est</strong></span> <span class='ocrx_word' id='word_1_330' title='bbox 1004 4363 1114 4421; x_wconf 83' lang='lat' dir='ltr'><strong>douaui</strong></span> <span class='ocrx_word' id='word_1_331' title='bbox 1128 4364 1198 4420; x_wconf 75' lang='lat' dir='ltr'><strong>darc</strong></span> <span class='ocrx_word' id='word_1_332' title='bbox 1216 4362 1260 4415; x_wconf 85' lang='lat' dir='ltr'><strong>vel</strong></span> <span class='ocrx_word' id='word_1_333' title='bbox 1279 4367 1359 4423; x_wconf 85' lang='lat' dir='ltr'><strong>dona</strong></span> 
     </span>
    </p>
   </div>
   <div class='ocr_carea' id='block_1_10' title="bbox 0 0 1479 5010">
    <p class='ocr_par' dir='ltr' id='par_1_12' title="bbox 0 0 1479 5010">
     <span class='ocr_line' id='line_1_38' title="bbox 0 0 1479 5010; baseline 0 0"><span class='ocrx_word' id='word_1_334' title='bbox 0 0 1479 5010; x_wconf 95' lang='lat' dir='ltr'><strong> </strong></span> 
     </span>
    </p>
   </div>
  </div>
 </body>
</html>
