<?xml version="1.0" encoding="UTF-8"?>
<!DOCTYPE html PUBLIC "-//W3C//DTD XHTML 1.0 Transitional//EN"
    "http://www.w3.org/TR/xhtml1/DTD/xhtml1-transitional.dtd">
<html xmlns="http://www.w3.org/1999/xhtml" xml:lang="en" lang="en">
 <head>
  <title>
</title>
<meta http-equiv="Content-Type" content="text/html;charset=utf-8" />
  <meta name='ocr-system' content='tesseract 3.04.00' />
  <meta name='ocr-capabilities' content='ocr_page ocr_carea ocr_par ocr_line ocrx_word'/>
</head>
<body>
  <div class='ocr_page' id='page_1' title='image "./fridericiritsch00wachgoog/fridericiritsch00wachgoog_0454.png"; bbox 0 0 2946 5010; ppageno 0'>
   <div class='ocr_carea' id='block_1_1' title="bbox 621 1083 689 1192">
    <p class='ocr_par' dir='ltr' id='par_1_1' title="bbox 621 1083 689 1192">
     <span class='ocr_line' id='line_1_1' title="bbox 621 1083 689 1192; baseline 0 0"><span class='ocrx_word' id='word_1_1' title='bbox 621 1083 689 1192; x_wconf 90' lang='lat' dir='ltr'>X.</span> 
     </span>
    </p>
   </div>
   <div class='ocr_carea' id='block_1_2' title="bbox 321 1280 998 1401">
    <p class='ocr_par' dir='ltr' id='par_1_2' title="bbox 321 1280 998 1401">
     <span class='ocr_line' id='line_1_2' title="bbox 321 1280 998 1401; baseline 0.009 -27"><span class='ocrx_word' id='word_1_2' title='bbox 321 1280 529 1401; x_wconf 81' lang='lat' dir='ltr'>Verluquiu</span> <span class='ocrx_word' id='word_1_3' title='bbox 560 1283 739 1401; x_wconf 76' lang='lat' dir='ltr'>quaedam</span> <span class='ocrx_word' id='word_1_4' title='bbox 771 1285 998 1400; x_wconf 76' lang='lat' dir='ltr'>Plautina.*)</span> 
     </span>
    </p>
   </div>
   <div class='ocr_carea' id='block_1_3' title="bbox 76 1639 1326 3933">
    <p class='ocr_par' dir='ltr' id='par_1_3' title="bbox 76 1639 1326 3933">
     <span class='ocr_line' id='line_1_3' title="bbox 170 1639 1326 1725; baseline 0.007 -23"><span class='ocrx_word' id='word_1_5' title='bbox 170 1643 279 1718; x_wconf 66' lang='lat' dir='ltr'>Nugae</span> <span class='ocrx_word' id='word_1_6' title='bbox 300 1661 381 1724; x_wconf 90' lang='lat' dir='ltr'>quae</span> <span class='ocrx_word' id='word_1_7' title='bbox 404 1643 512 1704; x_wconf 86' lang='lat' dir='ltr'>essent</span> <span class='ocrx_word' id='word_1_8' title='bbox 534 1641 663 1725; x_wconf 86' lang='lat' dir='ltr'>etquid</span> <span class='ocrx_word' id='word_1_9' title='bbox 685 1649 812 1722; x_wconf 62' lang='lat' dir='ltr'>nuperi,</span> <span class='ocrx_word' id='word_1_10' title='bbox 840 1664 907 1706; x_wconf 93' lang='lat' dir='ltr'>non</span> <span class='ocrx_word' id='word_1_11' title='bbox 928 1644 1052 1709; x_wconf 85' lang='lat' dir='ltr'>nescire</span> <span class='ocrx_word' id='word_1_12' title='bbox 1074 1668 1108 1710; x_wconf 88' lang='lat' dir='ltr'>se</span> <span class='ocrx_word' id='word_1_13' title='bbox 1130 1646 1222 1711; x_wconf 90' lang='lat' dir='ltr'>multi</span> <span class='ocrx_word' id='word_1_14' title='bbox 1240 1660 1271 1710; x_wconf 85' lang='lat' dir='ltr'>uu</span> <span class='ocrx_word' id='word_1_15' title='bbox 1318 1639 1326 1654; x_wconf 82' lang='grc'>’</span> 
     </span>
     <span class='ocr_line' id='line_1_4' title="bbox 84 1749 1226 1838; baseline 0.007 -24"><span class='ocrx_word' id='word_1_16' title='bbox 84 1753 210 1814; x_wconf 90' lang='lat' dir='ltr'>suomet</span> <span class='ocrx_word' id='word_1_17' title='bbox 236 1749 380 1834; x_wconf 84' lang='lat' dir='ltr'>exemplo</span> <span class='ocrx_word' id='word_1_18' title='bbox 412 1751 675 1835; x_wconf 79' lang='lat' dir='ltr'>comprobarunt:</span> <span class='ocrx_word' id='word_1_19' title='bbox 712 1751 801 1815; x_wconf 91' lang='lat' dir='ltr'>nullo</span> <span class='ocrx_word' id='word_1_20' title='bbox 828 1752 1005 1837; x_wconf 83' lang='lat' dir='ltr'>insigniore</span> <span class='ocrx_word' id='word_1_21' title='bbox 1035 1778 1130 1838; x_wconf 87' lang='lat' dir='ltr'>quam</span> <span class='ocrx_word' id='word_1_22' title='bbox 1154 1779 1226 1821; x_wconf 90' lang='lat' dir='ltr'>cum</span> 
     </span>
     <span class='ocr_line' id='line_1_5' title="bbox 83 1859 1227 1947; baseline 0.008 -24"><span class='ocrx_word' id='word_1_23' title='bbox 83 1861 164 1924; x_wconf 88' lang='lat' dir='ltr'>scire</span> <span class='ocrx_word' id='word_1_24' title='bbox 188 1882 233 1942; x_wconf 80' lang='lat' dir='ltr'>se,</span> <span class='ocrx_word' id='word_1_25' title='bbox 256 1859 340 1924; x_wconf 89' lang='lat' dir='ltr'>unde</span> <span class='ocrx_word' id='word_1_26' title='bbox 363 1860 517 1925; x_wconf 86' lang='lat' dir='ltr'>vocabula</span> <span class='ocrx_word' id='word_1_27' title='bbox 539 1860 595 1925; x_wconf 89' lang='lat' dir='ltr'>illa</span> <span class='ocrx_word' id='word_1_28' title='bbox 609 1861 695 1925; x_wconf 88' lang='lat' dir='ltr'>dicta</span> <span class='ocrx_word' id='word_1_29' title='bbox 710 1865 828 1946; x_wconf 85' lang='lat' dir='ltr'>essent,</span> <span class='ocrx_word' id='word_1_30' title='bbox 851 1864 989 1947; x_wconf 85' lang='lat' dir='ltr'>professi</span> <span class='ocrx_word' id='word_1_31' title='bbox 1012 1870 1097 1930; x_wconf 91' lang='lat' dir='ltr'>sunt.</span> <span class='ocrx_word' id='word_1_32' title='bbox 1130 1865 1227 1932; x_wconf 89' lang='lat' dir='ltr'>Velut</span> 
     </span>
     <span class='ocr_line' id='line_1_6' title="bbox 84 1970 1227 2057; baseline 0.007 -23"><span class='ocrx_word' id='word_1_33' title='bbox 84 1993 148 2035; x_wconf 91' lang='lat' dir='ltr'>non</span> <span class='ocrx_word' id='word_1_34' title='bbox 173 1970 213 2035; x_wconf 87' lang='lat' dir='ltr'>G.</span> <span class='ocrx_word' id='word_1_35' title='bbox 238 1970 263 2034; x_wconf 92' lang='lat' dir='ltr'>I.</span> <span class='ocrx_word' id='word_1_36' title='bbox 288 1970 403 2035; x_wconf 91' lang='lat' dir='ltr'>Vossio</span> <span class='ocrx_word' id='word_1_37' title='bbox 431 1974 560 2035; x_wconf 88' lang='lat' dir='ltr'>tantum</span> <span class='ocrx_word' id='word_1_38' title='bbox 582 1970 799 2057; x_wconf 81' lang='lat' dir='ltr'>Etymologici</span> <span class='ocrx_word' id='word_1_39' title='bbox 822 1995 853 2056; x_wconf 86' lang='lat' dir='ltr'>p.</span> <span class='ocrx_word' id='word_1_40' title='bbox 877 1975 951 2056; x_wconf 77' lang='lat'>347,</span> <span class='ocrx_word' id='word_1_41' title='bbox 981 1975 1036 2039; x_wconf 87' lang='lat' dir='ltr'>scd</span> <span class='ocrx_word' id='word_1_42' title='bbox 1059 1977 1156 2040; x_wconf 91' lang='lat' dir='ltr'>etiam</span> <span class='ocrx_word' id='word_1_43' title='bbox 1177 1977 1227 2043; x_wconf 90' lang='lat' dir='ltr'>Io-</span> 
     </span>
     <span class='ocr_line' id='line_1_7' title="bbox 85 2080 1224 2173; baseline 0.007 -29"><span class='ocrx_word' id='word_1_44' title='bbox 85 2080 183 2165; x_wconf 86' lang='lat' dir='ltr'>sepho</span> <span class='ocrx_word' id='word_1_45' title='bbox 206 2080 370 2165; x_wconf 85' lang='lat' dir='ltr'>Scaligoro</span> <span class='ocrx_word' id='word_1_46' title='bbox 393 2082 535 2148; x_wconf 79' lang='lat' dir='ltr'>Coniect.</span> <span class='ocrx_word' id='word_1_47' title='bbox 559 2082 593 2146; x_wconf 91' lang='lat' dir='ltr'>in</span> <span class='ocrx_word' id='word_1_48' title='bbox 617 2081 796 2147; x_wconf 85' lang='lat' dir='ltr'>Varronem</span> <span class='ocrx_word' id='word_1_49' title='bbox 817 2105 850 2167; x_wconf 90' lang='lat' dir='ltr'>p.</span> <span class='ocrx_word' id='word_1_50' title='bbox 872 2083 932 2148; x_wconf 78' lang='lat'>152</span> <span class='ocrx_word' id='word_1_51' title='bbox 954 2106 1001 2167; x_wconf 91' lang='lat' dir='ltr'>sq.</span> <span class='ocrx_word' id='word_1_52' title='bbox 1027 2086 1088 2168; x_wconf 87' lang='lat' dir='ltr'>(ed.</span> <span class='ocrx_word' id='word_1_53' title='bbox 1113 2086 1224 2173; x_wconf 84' lang='lat' dir='ltr'>Steph.</span> 
     </span>
     <span class='ocr_line' id='line_1_8' title="bbox 84 2191 1225 2278; baseline 0.004 -22"><span class='ocrx_word' id='word_1_54' title='bbox 84 2192 229 2274; x_wconf 80' lang='lat' dir='ltr'>a.1573)</span> <span class='ocrx_word' id='word_1_55' title='bbox 252 2192 343 2256; x_wconf 84' lang='lat' dir='ltr'>diuus</span> <span class='ocrx_word' id='word_1_56' title='bbox 366 2191 583 2277; x_wconf 86' lang='lat' dir='ltr'>Hieronymus</span> <span class='ocrx_word' id='word_1_57' title='bbox 607 2213 719 2257; x_wconf 91' lang='lat' dir='ltr'>comm.</span> <span class='ocrx_word' id='word_1_58' title='bbox 744 2194 778 2258; x_wconf 91' lang='lat' dir='ltr'>in</span> <span class='ocrx_word' id='word_1_59' title='bbox 802 2192 942 2277; x_wconf 84' lang='lat' dir='ltr'>Sophon.</span> <span class='ocrx_word' id='word_1_60' title='bbox 966 2193 1026 2278; x_wconf 90' lang='lat' dir='ltr'>III,</span> <span class='ocrx_word' id='word_1_61' title='bbox 1052 2196 1091 2259; x_wconf 88' lang='lat'>18</span> <span class='ocrx_word' id='word_1_62' title='bbox 1115 2201 1225 2262; x_wconf 86' lang='lat' dir='ltr'>auctor</span> 
     </span>
     <span class='ocr_line' id='line_1_9' title="bbox 82 2302 1225 2388; baseline 0.004 -22"><span class='ocrx_word' id='word_1_63' title='bbox 82 2303 144 2366; x_wconf 87' lang='lat' dir='ltr'>fuit</span> <span class='ocrx_word' id='word_1_64' title='bbox 166 2306 204 2366; x_wconf 89' lang='lat' dir='ltr'>ut</span> <span class='ocrx_word' id='word_1_65' title='bbox 225 2324 264 2366; x_wconf 82' lang='lat' dir='ltr'>ex</span> <span class='ocrx_word' id='word_1_66' title='bbox 292 2302 443 2368; x_wconf 86' lang='lat' dir='ltr'>hebraica</span> <span class='ocrx_word' id='word_1_67' title='bbox 465 2325 542 2368; x_wconf 86' lang='lat' dir='ltr'>uoce</span> <span class='ocrx_word' id='word_1_68' title='bbox 564 2321 619 2368; x_wconf 54' lang='lat' dir='ltr'>aar:</span> <span class='ocrx_word' id='word_1_69' title='bbox 642 2303 811 2368; x_wconf 87' lang='lat' dir='ltr'>ducerent:</span> <span class='ocrx_word' id='word_1_70' title='bbox 849 2307 902 2367; x_wconf 80' lang='lat' dir='ltr'>‘ut</span> <span class='ocrx_word' id='word_1_71' title='bbox 928 2324 1023 2368; x_wconf 88' lang='lat' dir='ltr'>nosse</span> <span class='ocrx_word' id='word_1_72' title='bbox 1050 2306 1225 2388; x_wconf 87' lang='lat' dir='ltr'>possimus&#39;</span> 
     </span>
     <span class='ocr_line' id='line_1_10' title="bbox 83 2411 1226 2501; baseline 0.004 -25"><span class='ocrx_word' id='word_1_73' title='bbox 83 2411 195 2495; x_wconf 73' lang='lat' dir='ltr'>(acrba</span> <span class='ocrx_word' id='word_1_74' title='bbox 217 2417 293 2477; x_wconf 87' lang='lat' dir='ltr'>sunt</span> <span class='ocrx_word' id='word_1_75' title='bbox 313 2412 515 2498; x_wconf 82' lang='lat' dir='ltr'>Hieronymi)</span> <span class='ocrx_word' id='word_1_76' title='bbox 543 2414 706 2498; x_wconf 77' lang='lat' dir='ltr'>‘linguam</span> <span class='ocrx_word' id='word_1_77' title='bbox 728 2413 913 2478; x_wconf 87' lang='lat' dir='ltr'>hebraicam</span> <span class='ocrx_word' id='word_1_78' title='bbox 934 2415 1078 2478; x_wconf 91' lang='lat' dir='ltr'>omnium</span> <span class='ocrx_word' id='word_1_79' title='bbox 1100 2413 1226 2501; x_wconf 90' lang='lat' dir='ltr'>lin&#39;gua-</span> 
     </span>
     <span class='ocr_line' id='line_1_11' title="bbox 81 2522 1225 2610; baseline 0.003 -22"><span class='ocrx_word' id='word_1_80' title='bbox 81 2546 152 2588; x_wconf 87' lang='lat' dir='ltr'>rum</span> <span class='ocrx_word' id='word_1_81' title='bbox 175 2545 245 2588; x_wconf 89' lang='lat' dir='ltr'>esse</span> <span class='ocrx_word' id='word_1_82' title='bbox 267 2525 464 2589; x_wconf 88' lang='lat' dir='ltr'>matriccm&#39;.</span> <span class='ocrx_word' id='word_1_83' title='bbox 513 2522 723 2609; x_wconf 73' lang='lat' dir='ltr'>Castigatque</span> <span class='ocrx_word' id='word_1_84' title='bbox 751 2522 896 2608; x_wconf 81' lang='lat' dir='ltr'>Scaliger</span> <span class='ocrx_word' id='word_1_85' title='bbox 923 2526 1149 2608; x_wconf 87' lang='lat' dir='ltr'>grammaticos</span> <span class='ocrx_word' id='word_1_86' title='bbox 1172 2529 1225 2610; x_wconf 92' lang='lat' dir='ltr'>qui</span> 
     </span>
     <span class='ocr_line' id='line_1_12' title="bbox 80 2633 1226 2722; baseline 0.002 -23"><span class='ocrx_word' id='word_1_87' title='bbox 80 2634 256 2721; x_wconf 89' lang='lat' dir='ltr'>phrygium</span> <span class='ocrx_word' id='word_1_88' title='bbox 278 2635 383 2719; x_wconf 90' lang='lat' dir='ltr'>potius</span> <span class='ocrx_word' id='word_1_89' title='bbox 407 2656 475 2699; x_wconf 90' lang='lat' dir='ltr'>esse</span> <span class='ocrx_word' id='word_1_90' title='bbox 497 2634 688 2699; x_wconf 86' lang='lat' dir='ltr'>vocabulum</span> <span class='ocrx_word' id='word_1_91' title='bbox 709 2635 902 2718; x_wconf 85' lang='lat' dir='ltr'>putaverint.</span> <span class='ocrx_word' id='word_1_92' title='bbox 949 2633 1070 2700; x_wconf 83' lang='lat' dir='ltr'>Contra</span> <span class='ocrx_word' id='word_1_93' title='bbox 1090 2658 1226 2722; x_wconf 82' lang='lat' dir='ltr'>graecae</span> 
     </span>
     <span class='ocr_line' id='line_1_13' title="bbox 81 2743 1225 2831; baseline 0.002 -22"><span class='ocrx_word' id='word_1_94' title='bbox 81 2745 265 2830; x_wconf 83' lang='lat' dir='ltr'>speculator</span> <span class='ocrx_word' id='word_1_95' title='bbox 280 2745 415 2831; x_wconf 91' lang='lat' dir='ltr'>originis</span> <span class='ocrx_word' id='word_1_96' title='bbox 431 2745 640 2811; x_wconf 83' lang='lat' dir='ltr'>Doederlinus</span> <span class='ocrx_word' id='word_1_97' title='bbox 656 2744 776 2830; x_wconf 80' lang='lat' dir='ltr'>Synon.</span> <span class='ocrx_word' id='word_1_98' title='bbox 792 2743 840 2809; x_wconf 80' lang='lat' dir='ltr'>VI</span> <span class='ocrx_word' id='word_1_99' title='bbox 855 2768 887 2829; x_wconf 92' lang='lat' dir='ltr'>p.</span> <span class='ocrx_word' id='word_1_100' title='bbox 899 2745 962 2810; x_wconf 82' lang='lat'>293</span> <span class='ocrx_word' id='word_1_101' title='bbox 977 2746 1118 2811; x_wconf 86' lang='lat' dir='ltr'>eiusdem</span> <span class='ocrx_word' id='word_1_102' title='bbox 1132 2748 1225 2812; x_wconf 90' lang='lat' dir='ltr'>nimi·</span> 
     </span>
     <span class='ocr_line' id='line_1_14' title="bbox 80 2855 1225 2939; baseline 0 -17"><span class='ocrx_word' id='word_1_103' title='bbox 80 2879 152 2922; x_wconf 91' lang='lat' dir='ltr'>rum</span> <span class='ocrx_word' id='word_1_104' title='bbox 176 2878 248 2921; x_wconf 87' lang='lat' dir='ltr'>cum</span> <span class='ocrx_word' id='word_1_105' title='bbox 264 2858 408 2936; x_wconf 79' lang='grc' dir='ltr'>νωχελήε</span> <span class='ocrx_word' id='word_1_106' title='bbox 423 2859 563 2938; x_wconf 75' lang='grc' dir='ltr'>νοχαλόε</span> <span class='ocrx_word' id='word_1_107' title='bbox 578 2856 687 2939; x_wconf 87' lang='lat' dir='ltr'>stirpis</span> <span class='ocrx_word' id='word_1_108' title='bbox 704 2877 772 2920; x_wconf 89' lang='lat' dir='ltr'>esse</span> <span class='ocrx_word' id='word_1_109' title='bbox 788 2855 848 2920; x_wconf 90' lang='lat' dir='ltr'>sibi</span> <span class='ocrx_word' id='word_1_110' title='bbox 871 2857 1045 2939; x_wconf 86' lang='lat' dir='ltr'>persuasit:</span> <span class='ocrx_word' id='word_1_111' title='bbox 1067 2858 1130 2921; x_wconf 91' lang='lat' dir='ltr'>nisi</span> <span class='ocrx_word' id='word_1_112' title='bbox 1147 2859 1225 2922; x_wconf 88' lang='lat' dir='ltr'>mul-</span> 
     </span>
     <span class='ocr_line' id='line_1_15' title="bbox 80 2966 1224 3050; baseline 0.002 -19"><span class='ocrx_word' id='word_1_113' title='bbox 80 2971 150 3031; x_wconf 90' lang='lat' dir='ltr'>tum</span> <span class='ocrx_word' id='word_1_114' title='bbox 172 2966 324 3049; x_wconf 86' lang='lat' dir='ltr'>fallimur,</span> <span class='ocrx_word' id='word_1_115' title='bbox 349 2967 410 3031; x_wconf 87' lang='lat' dir='ltr'>sibi</span> <span class='ocrx_word' id='word_1_116' title='bbox 432 2967 500 3031; x_wconf 90' lang='lat' dir='ltr'>soli.</span> <span class='ocrx_word' id='word_1_117' title='bbox 538 2968 711 3043; x_wconf 81' lang='grc' dir='ltr'>Ἰνδογενὲ(</span> <span class='ocrx_word' id='word_1_118' title='bbox 733 2971 921 3050; x_wconf 88' lang='lat' dir='ltr'>epoptarum</span> <span class='ocrx_word' id='word_1_119' title='bbox 943 2967 1110 3032; x_wconf 87' lang='lat' dir='ltr'>arbitrium</span> <span class='ocrx_word' id='word_1_120' title='bbox 1124 2969 1224 3033; x_wconf 89' lang='lat' dir='ltr'>omni-</span> 
     </span>
     <span class='ocr_line' id='line_1_16' title="bbox 79 3075 1225 3163; baseline 0 -21"><span class='ocrx_word' id='word_1_121' title='bbox 79 3081 176 3142; x_wconf 87' lang='lat' dir='ltr'>tuens</span> <span class='ocrx_word' id='word_1_122' title='bbox 192 3078 399 3162; x_wconf 88' lang='lat' dir='ltr'>omniparens</span> <span class='ocrx_word' id='word_1_123' title='bbox 413 3075 567 3161; x_wconf 90' lang='lat' dir='ltr'>numquid</span> <span class='ocrx_word' id='word_1_124' title='bbox 582 3077 617 3141; x_wconf 86' lang='lat' dir='ltr'>in</span> <span class='ocrx_word' id='word_1_125' title='bbox 632 3077 693 3140; x_wconf 89' lang='lat' dir='ltr'>hac</span> <span class='ocrx_word' id='word_1_126' title='bbox 710 3097 822 3140; x_wconf 88' lang='lat' dir='ltr'>caussa</span> <span class='ocrx_word' id='word_1_127' title='bbox 838 3076 1023 3161; x_wconf 80' lang='lat' dir='ltr'>decreuerit,</span> <span class='ocrx_word' id='word_1_128' title='bbox 1047 3078 1225 3163; x_wconf 90' lang='lat' dir='ltr'>incomper-</span> 
     </span>
     <span class='ocr_line' id='line_1_17' title="bbox 79 3185 1224 3271; baseline 0 -19"><span class='ocrx_word' id='word_1_129' title='bbox 79 3192 150 3252; x_wconf 90' lang='lat' dir='ltr'>tum</span> <span class='ocrx_word' id='word_1_130' title='bbox 172 3187 281 3252; x_wconf 89' lang='lat' dir='ltr'>nobis:</span> <span class='ocrx_word' id='word_1_131' title='bbox 319 3188 359 3252; x_wconf 86' lang='lat' dir='ltr'>ad</span> <span class='ocrx_word' id='word_1_132' title='bbox 380 3187 515 3252; x_wconf 89' lang='lat' dir='ltr'>latinam</span> <span class='ocrx_word' id='word_1_133' title='bbox 536 3186 682 3271; x_wconf 87' lang='lat' dir='ltr'>linguam</span> <span class='ocrx_word' id='word_1_134' title='bbox 703 3186 835 3250; x_wconf 88' lang='lat' dir='ltr'>rediisse</span> <span class='ocrx_word' id='word_1_135' title='bbox 857 3185 998 3250; x_wconf 90' lang='lat' dir='ltr'>Pottium</span> <span class='ocrx_word' id='word_1_136' title='bbox 1020 3187 1128 3271; x_wconf 82' lang='lat' dir='ltr'>rideo,</span> <span class='ocrx_word' id='word_1_137' title='bbox 1152 3211 1224 3252; x_wconf 90' lang='lat' dir='ltr'>raro</span> 
     </span>
     <span class='ocr_line' id='line_1_18' title="bbox 79 3293 1222 3383; baseline 0 -20"><span class='ocrx_word' id='word_1_138' title='bbox 79 3293 241 3363; x_wconf 84' lang='lat' dir='ltr'>acuminis</span> <span class='ocrx_word' id='word_1_139' title='bbox 257 3297 401 3383; x_wconf 83' lang='lat' dir='ltr'>exemplo</span> <span class='ocrx_word' id='word_1_140' title='bbox 417 3319 516 3378; x_wconf 64' lang='lat' dir='ltr'>nugas</span> <span class='ocrx_word' id='word_1_141' title='bbox 536 3298 803 3381; x_wconf 77' lang='lat' dir='ltr'>interpretantem</span> <span class='ocrx_word' id='word_1_142' title='bbox 818 3300 984 3381; x_wconf 87' lang='lat' dir='ltr'>tamquam</span> <span class='ocrx_word' id='word_1_143' title='bbox 998 3305 1176 3379; x_wconf 74' lang='lat' dir='ltr'>ne-usi-a&#39;pua</span> <span class='ocrx_word' id='word_1_144' title='bbox 1189 3298 1222 3363; x_wconf 91' lang='lat' dir='ltr'>h.</span> 
     </span>
     <span class='ocr_line' id='line_1_19' title="bbox 79 3407 1322 3494; baseline -0.001 -21"><span class='ocrx_word' id='word_1_145' title='bbox 79 3433 110 3473; x_wconf 86' lang='lat' dir='ltr'>e.</span> <span class='ocrx_word' id='word_1_146' title='bbox 127 3431 194 3473; x_wconf 87' lang='lat' dir='ltr'>non</span> <span class='ocrx_word' id='word_1_147' title='bbox 208 3430 301 3472; x_wconf 83' lang='lat' dir='ltr'>usum</span> <span class='ocrx_word' id='word_1_148' title='bbox 323 3412 458 3494; x_wconf 84' lang='lat' dir='ltr'>agentes</span> <span class='ocrx_word' id='word_1_149' title='bbox 478 3407 511 3473; x_wconf 95' lang='lat' dir='ltr'>h.</span> <span class='ocrx_word' id='word_1_150' title='bbox 527 3429 555 3472; x_wconf 90' lang='lat' dir='ltr'>c.</span> <span class='ocrx_word' id='word_1_151' title='bbox 579 3408 607 3472; x_wconf 90' lang='lat' dir='ltr'>si</span> <span class='ocrx_word' id='word_1_152' title='bbox 628 3407 728 3472; x_wconf 88' lang='lat' dir='ltr'>latine</span> <span class='ocrx_word' id='word_1_153' title='bbox 749 3429 845 3491; x_wconf 89' lang='lat' dir='ltr'>quam</span> <span class='ocrx_word' id='word_1_154' title='bbox 860 3407 995 3472; x_wconf 89' lang='lat' dir='ltr'>barbare</span> <span class='ocrx_word' id='word_1_155' title='bbox 1017 3407 1103 3492; x_wconf 88' lang='lat' dir='ltr'>loqui</span> <span class='ocrx_word' id='word_1_156' title='bbox 1124 3409 1223 3473; x_wconf 88' lang='lat' dir='ltr'>malu-</span> <span class='ocrx_word' id='word_1_157' title='bbox 1315 3456 1322 3460; x_wconf 88' lang='lat'><em>-</em></span> 
     </span>
     <span class='ocr_line' id='line_1_20' title="bbox 78 3517 1224 3602; baseline -0.001 -19"><span class='ocrx_word' id='word_1_158' title='bbox 78 3541 168 3601; x_wconf 86' lang='lat' dir='ltr'>mus,</span> <span class='ocrx_word' id='word_1_159' title='bbox 192 3541 284 3583; x_wconf 89' lang='lat' dir='ltr'>usum</span> <span class='ocrx_word' id='word_1_160' title='bbox 305 3541 372 3583; x_wconf 93' lang='lat' dir='ltr'>non</span> <span class='ocrx_word' id='word_1_161' title='bbox 393 3519 549 3601; x_wconf 85' lang='lat' dir='ltr'>ferentes,</span> <span class='ocrx_word' id='word_1_162' title='bbox 573 3517 802 3593; x_wconf 82' lang='lat' dir='ltr'>Quaestionum</span> <span class='ocrx_word' id='word_1_163' title='bbox 824 3521 919 3601; x_wconf 88' lang='lat' dir='ltr'>etym.</span> <span class='ocrx_word' id='word_1_164' title='bbox 942 3517 975 3581; x_wconf 94' lang='lat' dir='ltr'>Il</span> <span class='ocrx_word' id='word_1_165' title='bbox 996 3541 1028 3602; x_wconf 91' lang='lat' dir='ltr'>p.</span> <span class='ocrx_word' id='word_1_166' title='bbox 1044 3519 1116 3583; x_wconf 80' lang='lat'>282.</span> <span class='ocrx_word' id='word_1_167' title='bbox 1155 3518 1224 3595; x_wconf 82' lang='lat' dir='ltr'>Quo</span> 
     </span>
     <span class='ocr_line' id='line_1_21' title="bbox 76 3627 1223 3714; baseline -0.002 -21"><span class='ocrx_word' id='word_1_168' title='bbox 76 3629 184 3693; x_wconf 90' lang='lat' dir='ltr'>multo</span> <span class='ocrx_word' id='word_1_169' title='bbox 207 3628 396 3714; x_wconf 86' lang='lat' dir='ltr'>simplicius,</span> <span class='ocrx_word' id='word_1_170' title='bbox 420 3650 486 3693; x_wconf 91' lang='lat' dir='ltr'>non</span> <span class='ocrx_word' id='word_1_171' title='bbox 515 3629 634 3711; x_wconf 84' lang='lat' dir='ltr'>uerius,</span> <span class='ocrx_word' id='word_1_172' title='bbox 661 3627 738 3691; x_wconf 90' lang='lat' dir='ltr'>olim</span> <span class='ocrx_word' id='word_1_173' title='bbox 760 3628 814 3691; x_wconf 88' lang='lat' dir='ltr'>alii</span> <span class='ocrx_word' id='word_1_174' title='bbox 835 3628 870 3691; x_wconf 91' lang='lat' dir='ltr'>in</span> <span class='ocrx_word' id='word_1_175' title='bbox 892 3649 930 3692; x_wconf 81' lang='lat' dir='ltr'>ne</span> <span class='ocrx_word' id='word_1_176' title='bbox 951 3630 984 3691; x_wconf 87' lang='lat' dir='ltr'>et</span> <span class='ocrx_word' id='word_1_177' title='bbox 1005 3648 1097 3707; x_wconf 71' lang='lat' dir='ltr'>uqcrc</span> <span class='ocrx_word' id='word_1_178' title='bbox 1119 3628 1223 3691; x_wconf 89' lang='lat' dir='ltr'>uerbis</span> 
     </span>
     <span class='ocr_line' id='line_1_22' title="bbox 77 3735 1224 3824; baseline -0.002 -21"><span class='ocrx_word' id='word_1_179' title='bbox 77 3739 303 3803; x_wconf 81' lang='lat' dir='ltr'>substiterant.</span> <span class='ocrx_word' id='word_1_180' title='bbox 348 3738 430 3815; x_wconf 80' lang='lat' dir='ltr'>Quid</span> <span class='ocrx_word' id='word_1_181' title='bbox 457 3738 580 3824; x_wconf 78' lang='lat' dir='ltr'>igitur?</span> <span class='ocrx_word' id='word_1_182' title='bbox 615 3739 736 3803; x_wconf 85' lang='lat' dir='ltr'>fidcsne</span> <span class='ocrx_word' id='word_1_183' title='bbox 764 3737 857 3802; x_wconf 88' lang='lat' dir='ltr'>nobis</span> <span class='ocrx_word' id='word_1_184' title='bbox 883 3735 1068 3824; x_wconf 86' lang='lat' dir='ltr'>habebitur,</span> <span class='ocrx_word' id='word_1_185' title='bbox 1103 3738 1130 3800; x_wconf 85' lang='lat' dir='ltr'>si</span> <span class='ocrx_word' id='word_1_186' title='bbox 1158 3760 1224 3801; x_wconf 91' lang='lat' dir='ltr'>non</span> 
     </span>
     <span class='ocr_line' id='line_1_23' title="bbox 76 3847 1238 3933; baseline -0.007 -19"><span class='ocrx_word' id='word_1_187' title='bbox 76 3849 212 3914; x_wconf 85' lang='lat' dir='ltr'>aliunde</span> <span class='ocrx_word' id='word_1_188' title='bbox 234 3849 297 3913; x_wconf 90' lang='lat' dir='ltr'>nisi</span> <span class='ocrx_word' id='word_1_189' title='bbox 319 3871 336 3913; x_wconf 91' lang='lat' dir='ltr'>e</span> <span class='ocrx_word' id='word_1_190' title='bbox 359 3870 480 3915; x_wconf 81' lang='lat' dir='ltr'>nauco</span> <span class='ocrx_word' id='word_1_191' title='bbox 502 3853 646 3933; x_wconf 86' lang='lat' dir='ltr'>repetere</span> <span class='ocrx_word' id='word_1_192' title='bbox 668 3869 788 3929; x_wconf 68' lang='lat' dir='ltr'>nuqua</span> <span class='ocrx_word' id='word_1_193' title='bbox 808 3850 841 3912; x_wconf 91' lang='lat' dir='ltr'>h.</span> <span class='ocrx_word' id='word_1_194' title='bbox 864 3870 891 3912; x_wconf 88' lang='lat' dir='ltr'>c.</span> <span class='ocrx_word' id='word_1_195' title='bbox 913 3867 1060 3925; x_wconf 65' lang='lat' dir='ltr'>uaccas</span> <span class='ocrx_word' id='word_1_196' title='bbox 1082 3847 1238 3911; x_wconf 68' lang='lat' dir='ltr'>animum,</span> 
     </span>
    </p>
   </div>
   <div class='ocr_carea' id='block_1_4' title="bbox 74 4063 1222 4361">
    <p class='ocr_par' dir='ltr' id='par_1_4' title="bbox 74 4063 1222 4361">
     <span class='ocr_line' id='line_1_24' title="bbox 149 4063 1221 4155; baseline -0.004 -14"><span class='ocrx_word' id='word_1_197' title='bbox 149 4088 175 4153; x_wconf 69' lang='lat' dir='ltr'>*l</span> <span class='ocrx_word' id='word_1_198' title='bbox 210 4086 397 4155; x_wconf 85' lang='lat' dir='ltr'>[Prooemium</span> <span class='ocrx_word' id='word_1_199' title='bbox 414 4086 515 4142; x_wconf 88' lang='lat' dir='ltr'>Indicis</span> <span class='ocrx_word' id='word_1_200' title='bbox 545 4063 704 4142; x_wconf 84' lang='lat' dir='ltr'>scholarum</span> <span class='ocrx_word' id='word_1_201' title='bbox 732 4086 912 4141; x_wconf 87' lang='lat' dir='ltr'>hibernarum</span> <span class='ocrx_word' id='word_1_202' title='bbox 941 4083 1129 4138; x_wconf 86' lang='lat' dir='ltr'>Bonnensium</span> <span class='ocrx_word' id='word_1_203' title='bbox 1159 4099 1221 4137; x_wconf 87' lang='lat' dir='ltr'>ann.</span> 
     </span>
     <span class='ocr_line' id='line_1_25' title="bbox 76 4175 1222 4250; baseline -0.003 -14"><span class='ocrx_word' id='word_1_204' title='bbox 76 4178 304 4236; x_wconf 77' lang='lat' dir='ltr'>ClOIOCCCLIV</span> <span class='ocrx_word' id='word_1_205' title='bbox 326 4181 355 4234; x_wconf 86' lang='lat' dir='ltr'>st</span> <span class='ocrx_word' id='word_1_206' title='bbox 371 4178 431 4234; x_wconf 82' lang='lat' dir='ltr'>LV:</span> <span class='ocrx_word' id='word_1_207' title='bbox 460 4180 563 4234; x_wconf 83' lang='lat' dir='ltr'>iterum</span> <span class='ocrx_word' id='word_1_208' title='bbox 584 4178 613 4233; x_wconf 93' lang='lat' dir='ltr'>in</span> <span class='ocrx_word' id='word_1_209' title='bbox 635 4178 777 4250; x_wconf 88' lang='lat' dir='ltr'>publicum</span> <span class='ocrx_word' id='word_1_210' title='bbox 801 4178 928 4232; x_wconf 84' lang='lat' dir='ltr'>amissum</span> <span class='ocrx_word' id='word_1_211' title='bbox 945 4177 975 4230; x_wconf 90' lang='lat' dir='ltr'>in</span> <span class='ocrx_word' id='word_1_212' title='bbox 998 4175 1222 4232; x_wconf 82' lang='lat' dir='ltr'>‘Prooomiorum</span> 
     </span>
     <span class='ocr_line' id='line_1_26' title="bbox 74 4269 1095 4361; baseline -0.011 -28"><span class='ocrx_word' id='word_1_213' title='bbox 74 4270 270 4333; x_wconf 76' lang='lat' dir='ltr'>Bomonsium</span> <span class='ocrx_word' id='word_1_214' title='bbox 288 4271 409 4329; x_wconf 84' lang='lat' dir='ltr'>decadc’</span> <span class='ocrx_word' id='word_1_215' title='bbox 433 4272 566 4341; x_wconf 80' lang='lat' dir='ltr'>(Berolini</span> <span class='ocrx_word' id='word_1_216' title='bbox 583 4289 609 4329; x_wconf 86' lang='lat' dir='ltr'>a.</span> <span class='ocrx_word' id='word_1_217' title='bbox 630 4269 859 4339; x_wconf 77' lang='lat' dir='ltr'>CIOIOCCCLXI)</span> <span class='ocrx_word' id='word_1_218' title='bbox 876 4289 903 4324; x_wconf 91' lang='lat' dir='ltr'>n.</span> <span class='ocrx_word' id='word_1_219' title='bbox 920 4271 963 4342; x_wconf 75' lang='lat' dir='ltr'>Il]</span> <span class='ocrx_word' id='word_1_220' title='bbox 1092 4355 1095 4361; x_wconf 92' lang='lat'>.</span> 
     </span>
    </p>
   </div>
   <div class='ocr_carea' id='block_1_5' title="bbox 0 0 1478 5010">
    <p class='ocr_par' dir='ltr' id='par_1_5' title="bbox 0 0 1478 5010">
     <span class='ocr_line' id='line_1_27' title="bbox 0 0 1478 5010; baseline 0 4"><span class='ocrx_word' id='word_1_221' title='bbox 0 0 1478 5010; x_wconf 95' lang='lat' dir='ltr'> </span> 
     </span>
    </p>
   </div>
  </div>
 </body>
</html>
