2946 5010
443 318 661 380 vnumoovrx
683 318 870 367 11111111.
1164 306 1229 370 429

86 474 227 551 Quorum
255 474 361 559 priore
388 472 452 537 iam
480 474 681 558 intellegitur
709 496 768 539 nec
795 473 898 538 fulcro
928 475 1178 560 ‘paragogicae’
1208 482 1230 539 d

84 584 212 649 litterae
234 606 314 669 opus
337 606 405 649 esse
427 606 488 649 nec
510 584 687 669 praemissa
709 585 751 648 ab
766 582 955 648 Hermanno
970 592 1031 649 iam
1052 586 1227 669 porticula:

84 717 147 760 neo
168 696 272 782 magis
294 717 341 760 me
362 695 550 779 pronomine
572 696 607 760 in
630 694 815 779 posteriore,
839 694 923 779 quod
945 699 977 759 et
990 699 1119 780 praeter
1133 696 1228 760 fidem

85 805 240 870 librorum
263 810 295 870 et
317 827 359 871 ne
380 807 450 871 loco
473 807 600 891 quidem
622 828 679 870 suo
702 806 845 870 additum
867 809 916 870 est
939 828 957 869 s
980 805 1173 871 Camerario.

171 916 215 980 Et
236 916 316 981 haec
338 917 465 1002 quidem
492 917 631 1002 quinque
660 916 806 1000 exemplo
836 920 922 981 certa
950 938 1019 980 esse
1040 917 1230 1002 pronuntia·

85 1048 167 1091 mus.
199 1012 263 1092 'Ad
297 1049 430 1113 quorum
462 1027 705 1091 similitudinem
736 1027 874 1091 fortasse
906 1026 1018 1092 licebit
1050 1028 1089 1091 de
1116 1028 1229 1111 quinto

86 1138 257 1222 suspicari,
293 1139 320 1202 si
349 1138 443 1202 modo
470 1135 534 1202 non
565 1138 700 1202 nimium
728 1137 888 1201 videbitur
916 1137 1163 1221 Amphitruonis
1184 1137 1228 1221 ll,

86 1247 118 1330 2,
143 1247 185 1311 74
208 1246 295 1335 [706]
322 1249 420 1312 verbs
447 1262 480 1313 ot
495 1254 553 1330 pol
580 1256 653 1328 quin
680 1261 766 1313 certa
794 1270 843 1312 res
872 1253 962 1313 Hunc
989 1261 1033 1313 est
1066 1255 1230 1329 obiurpore
1318 1319 1321 1332 ,

87 1379 167 1437 quoe
193 1379 239 1422 me
266 1364 357 1423 bodie
391 1365 599 1424 advenientem
633 1366 751 1424 domum
780 1363 920 1424 Noluerit
945 1366 1084 1425 saltitare
1112 1359 1160 1424 vel
1189 1359 1230 1423 od

87 1467 174 1533 hanc
196 1469 333 1553 speciem
356 1491 520 1535 revocare:
986 1465 989 1468 ⁴

739 1613 770 1669 at
792 1611 844 1687 pol
867 1611 940 1687 quin
962 1614 1044 1670 certa
1064 1614 1127 1671 rest

172 1694 259 1756 ano
281 1697 466 1775 obiurigare,
497 1717 573 1772 quse
595 1696 663 1755 mod
685 1697 776 1755 hodie
798 1697 1007 1756 advenientem
1030 1697 1152 1756 domum
1173 1717 1229 1754 -ε

87 1825 137 1891 vel
161 1828 258 1892 etiam
280 1828 456 1913 simplicius
480 1829 520 1892 sd
541 1827 641 1893 hunc:
664 1839 813 1892 certares
828 1833 917 1893 Hunc
932 1834 1134 1907 obiurioarest
1154 1850 1232 1908 quoe

87 1943 157 2001 med
184 1959 211 2002 e.
234 1961 265 2023 q.
290 1939 354 2022 s.*)
382 1938 563 2003 Memorato
591 1938 705 2002 saltem
732 1961 797 2002 non
820 1938 991 2023 indignum
1014 1939 1167 2023 estquod
1189 1960 1231 2002 ne

87 2047 141 2112 hie
168 2049 295 2132 quidem
323 2049 455 2133 planum
484 2053 517 2142 11
545 2048 679 2133 simplex
708 2048 840 2113 verbnm
868 2047 964 2132 plone
982 2040 1020 2114 'et
1041 2049 1232 2132 simpliciter

88 2160 244 2244 scriptum
267 2159 368 2224 Vetus
392 2159 490 2224 codex
513 2158 660 2243 exhibet,
684 2159 740 2224 sed
763 2164 944 2223 correctum
967 2160 1094 2224 demum
1116 2182 1230 2223 manus

87 2269 247 2334 secundae
275 2274 331 2334 out
353 2293 391 2335 ex
415 2276 555 2335 obturare
583 2274 639 2334 aut
667 2292 705 2334 ex
728 2276 872 2349 obrepere
893 2270 1051 2334 effectum.
1097 2269 1146 2334 De
1168 2291 1230 2354 quo

86 2383 198 2445 tamen
220 2384 257 2444 ut
279 2402 351 2446 curn
374 2381 574 2446 dubitatione
597 2381 825 2464 existimemus,
848 2380 928 2444 illud
947 2402 1005 2444 nos
1026 2383 1133 2444 movet
1148 2381 1230 2464 quod

88 2491 225 2555 eundern
253 2491 420 2574 Plautum,
457 2495 569 2556 contra
603 2495 698 2575 atque
727 2491 762 2555 in
790 2488 947 2554 similibus
983 2490 1110 2554 evenire
1138 2490 1230 2573 solet,

88 2606 211 2666 certum
240 2605 381 2666 estnon
409 2602 590 2666 constitisse
618 2602 679 2666 sibi
708 2601 802 2665 unius
829 2601 951 2665 formae
980 2623 1054 2684 usn,
1084 2601 1139 2664 sed
1161 2622 1231 2684 pro-

87 2713 209 2776 miscue
233 2716 399 2797 utramque
426 2713 578 2796 posuisse.
624 2711 693 2777 Nec
715 2711 801 2776 enim
828 2711 894 2775 ullo
916 2714 1011 2796 puoto
1033 2711 1131 2775 dubia
1154 2715 1230 2775 sunt
1248 2731 1298 2781 vm

88 2825 275 2887 contractae
298 2822 459 2907 exempla,
488 2824 551 2888 nisi
574 2822 657 2907 quod
678 2845 737 2887 nos
759 2823 861 2907 fugit,
890 2823 967 2887 item
991 2823 1130 2907 quinque
1154 2823 1230 2888 Our-

89 2933 226 2997 culionis
248 2932 275 3016 1,
298 2934 329 3016 3,
356 2934 395 2998 15
419 2932 523 3023 [171],
547 2933 735 2997 Mercatoris
757 2933 806 3017 Π,
830 2933 866 3016 2,
890 2933 942 2998 49.
966 2933 1009 2998 50
1032 2931 1118 3020 [321.
1142 2932 1229 3022 322],

87 3043 269 3108 Trinummi
290 3043 364 3109 680.
388 3043 445 3108 96:
854 3054 860 3071 '

174 3185 266 3244 Recte
289 3186 445 3264 obiurgat:
469 3189 540 3246 stne
561 3186 643 3245 haud
666 3185 866 3328 quioqupimst,
889 3187 986 3264 mogis
1010 3185 1091 3262 quod
1114 3187 1231 3262 cupiam

698 3272 759 3329 ism
802 3272 842 3329 iu.

174 3355 284 3415 Nesis
306 3376 353 3415 me
376 3357 516 3435 obiurga:
539 3357 596 3416 hoo
616 3357 678 3416 ndu
699 3339 841 3416 voluntas
862 3376 909 3414 me
932 3357 1054 3432 inpulit.

177 3440 255 3510 Quin
277 3441 338 3500 1161
360 3443 497 3520 obiurgo.
541 3442 585 3500 At
605 3446 644 3501 nb
667 3442 844 3500 deteriorem
867 3445 968 3500 tomen
989 3475 1040 3499 ——.

176 3525 236 3584 sed
258 3530 292 3585 tu
315 3527 477 3605 obiurgans
499 3548 546 3586 me
569 3530 586 3585 t
608 3527 738 3603 peccetis
760 3528 842 3602 ripis
865 3527 1043 3586 deteriorem
1067 3530 1100 3585 ln
1122 3526 1211 3585 uiam.
1249 3587 1251 3591 Α

177 3609 210 3669 Si
232 3612 263 3670 id
284 3611 346 3670 n6n
367 3633 415 3671 me
437 3632 566 3687 accusas,
590 3616 656 3671 tute
679 3611 905 3689 obiurgandd’s.
943 3612 1021 3703 Soio.

89 3741 176 3806 Nam
198 3741 311 3806 horum
332 3743 481 3808 ultimum
503 3744 709 3828 quantumvis
730 3743 871 3828 proclive
886 3742 983 3807 fucrit
998 3744 1045 3807 sio
1059 3742 1233 3806 terminare

89 3864 156 3919 tute
178 3851 241 3933 (vel
262 3856 385 3941 tuipse)
410 3861 628 3936 obiuripandus
649 3876 691 3934 es,
716 3858 826 3918 tamen
848 3858 919 3918 Scio
941 3875 1017 3917 voce
1039 3853 1074 3916 in
1096 3851 1232 3937 proximi

228 4006 295 4013 -›--

160 4077 186 4146 ⁴²)
205 4074 276 4148 [Hos
293 4093 389 4131 versus
406 4094 479 4131 nunc
496 4075 542 4131 vix
564 4075 662 4131 dubito
686 4076 753 4144 quin
774 4075 876 4129 rectius
894 4072 1088 4128 Fleckeisenus
1106 4074 1234 4127 tractarit

86 4170 119 4225 in
138 4168 269 4224 Miscellis
287 4170 389 4241 criticis
407 4169 528 4239 (Lipsiae
546 4170 628 4224 editis
647 4187 671 4224 e.
692 4174 769 4238 1864)
787 4188 814 4238 p.
828 4175 869 4237 32,
887 4167 935 4222 ubi
952 4167 1023 4221 toles
1042 4167 1199 4220 constituit:

159 4357 240 4413 tho
258 4360 300 4412 est
318 4357 476 4427 obiurgtre,
495 4375 568 4428 quae
585 4376 629 4414 me
647 4358 762 4414 hocedie
775 4288 1105 4413 adveiiieritbinqldoriiorid
1112 4304 1166 4426 Eel
