2992 4996
485 341 707 390 anossunrvu
729 340 945 390 enuvmuvu.
1226 325 1286 390 271

142 495 178 558 in
200 497 293 558 tanta
315 494 497 578 frequentia
516 505 623 573 postea
640 505 802 574 postquam
824 496 996 580 (posquam)
1017 495 1207 559 formarum:
1229 516 1290 558 nee

137 607 381 686 posteaquam*)
410 605 595 689 antiquitati
623 600 727 690 magis
754 604 877 689 placuit
901 627 997 689 quam
1023 616 1206 685 anteaquam
1233 605 1289 669 ulli

142 716 252 780 aetati.
297 715 343 780 Vt
374 737 476 800 aequo
498 720 665 780 'momento
687 719 814 779 tantum
832 721 963 797 posthae
985 721 1115 782 antehac
1138 739 1289 783 censean-

142 829 206 890 tur.
251 825 342 902 Quod
375 848 478 910 genus
509 826 696 891 universum
728 825 862 911 longum
896 830 945 891 est
966 827 1027 891 hoo
1047 826 1118 892 loeo
1140 830 1287 914 persequi

142 937 286 1001 uberius:
323 958 516 1021 quamquam
549 937 706 1022 potiorem
738 939 863 1020 partem
895 937 961 1001 iam
996 941 1203 1004 tractavimus
1237 939 1288 1003 vel

141 1047 258 1110 saltem
278 1047 443 1132 tetigimus
465 1046 569 1112 Musei
601 1047 751 1112 Rhenani
774 1051 797 1111 t.
821 1046 885 1112 VIl
906 1070 938 1132 p.
962 1049 1024 1113 661
1047 1071 1117 1135 sqq.
1141 1088 1184 1100 -
1205 1050 1286 1114 Post

142 1157 328 1222 Plautinum
361 1162 468 1222 autem
500 1161 639 1223 aetatem
671 1161 739 1222 tem
772 1159 836 1222 cito
863 1159 999 1223 rariores
1021 1182 1061 1224 ex
1082 1159 1146 1224 illis
1167 1161 1287 1225 formas

143 1290 219 1331 usus
242 1268 392 1352 abolevit,
426 1272 462 1332 ut
484 1273 612 1353 praeter
633 1276 775 1352 antehae,
806 1275 937 1349 posthac
969 1273 1002 1334 et
1020 1278 1146 1351 postilla
1168 1271 1286 1337 Teren·

141 1379 206 1442 tius
237 1379 361 1443 nullam
389 1380 524 1444 noverit.
569 1379 605 1443 Id
637 1401 702 1444 non
725 1380 804 1444 satis
827 1384 981 1464 reputans
1003 1380 1230 1447 Lachmannue
1252 1383 1286 1448 in

143 1488 236 1553 Luer.
260 1512 291 1573 p.
319 1490 377 1554 116
400 1489 544 1553 Andriae
566 1490 669 1555 versui
692 1489 733 1572 V,
767 1493 799 1573 4,
833 1491 875 1555 33
898 1490 987 1578 (936)
1008 1497 1121 1572 postrti
1140 1493 1286 1558 obtrude-

143 1600 200 1662 bat
221 1604 349 1683 praeter
370 1602 542 1665 rationem:
576 1601 660 1685 quod
683 1622 754 1665 cum
775 1622 843 1665 non
865 1624 903 1666 ex
920 1613 993 1682 post
1014 1606 1047 1667 et
1067 1608 1113 1668 ibi
1133 1604 1286 1688 composi-

143 1714 214 1774 tum
236 1710 288 1792 sit,
312 1708 368 1774 sed
390 1732 520 1794 prorsus
542 1711 666 1776 factum
687 1715 723 1775 ut
744 1717 874 1783 interibi,
898 1733 940 1776 ne
961 1712 1048 1777 tollit
1069 1713 1209 1797 quidem,
1235 1715 1285 1780 cui

141 1820 274 1884 vitando
305 1821 472 1885 inventum
506 1825 570 1903 est,
605 1843 669 1885 uno
704 1823 859 1887 vocabulo
892 1822 1156 1907 comprehensum
1178 1825 1286 1909 dacty-

140 1931 283 2012 lum.**)
327 1930 541 1996 Numerorum
562 1932 662 2017 igitur
684 1933 864 2017 integritati
893 1955 959 1998 non
981 1933 1072 1998 video
1098 1936 1153 2020 qui
1182 1934 1285 2001 lenius

140 2064 238 2126 quam
260 2042 307 2106 sic
330 2043 493 2106 consulas:
540 2047 614 2107 Tum
636 2065 701 2107 eam
724 2047 850 2110 ueritust
871 2050 921 2109 luc
942 2046 1130 2125 relinquere;
1162 2049 1285 2126 postilla

139 2175 223 2218 nunc
254 2159 384 2232 primum
416 2155 523 2218 audio:
556 2153 684 2237 quando
717 2176 830 2238 parurn
862 2154 970 2239 placet
990 2161 1184 2239 anapaestus
1210 2160 1283 2222 Tum

138 2270 225 2327 ittam
247 2266 296 2327 tric
316 2271 442 2328 oeritzat
462 2265 641 2342 relinquere.

230 2374 283 2437 101
311 2380 485 2454 temperi:
508 2373 611 2439 Stichi
634 2373 674 2458 V,
697 2375 729 2458 2,
753 2375 773 2439 6
796 2375 901 2458 (sauz
924 2376 1058 2440 vidend
1081 2379 1101 2457 ἕ
1124 2377 1176 2442 66.

226 2484 271 2547 In
293 2484 590 2568 Amphitruone.
638 2485 698 2550 102
720 2492 909 2565 nequiter:
932 2485 958 2568 I,
985 2487 1013 2568 l,
1039 2486 1100 2550 159
1123 2487 1212 2569 (315)
1234 2508 1284 2550 ne-

137 2597 240 2673 quite'r
258 2597 359 2670 ferire
379 2597 491 2658 mulam
513 2603 593 2660 male
614 2598 703 2661 discit
724 2617 842 2674 mamus,
877 2598 913 2659 ut
934 2595 1062 2679 quidem
1085 2596 1209 2660 codices
1232 2618 1284 2660 ex-

138 2705 254 2768 hibent
276 2708 361 2788 (cum
383 2704 500 2770 Vetere
522 2706 620 2771 etiam
641 2706 818 2772 Vaticanus
840 2704 1058 2792 Vrsinianus).

208 2874 234 2942 ²)
261 2874 293 2928 In
314 2874 434 2944 epistula
451 2874 488 2927 ad
504 2874 627 2928 Atticum
644 2874 722 2942 XIII,
739 2882 786 2943 47,
805 2884 818 2929 1
841 2892 955 2946 prorsus
972 2876 1109 2931 incertum
1131 2877 1174 2931 eet
1191 2877 1283 2930 utrum

137 2966 243 3021 veteris
260 2970 361 3036 poetae
379 2985 416 3022 an
433 2967 520 3037 ipsius
540 2967 679 3023 Ciceronis
697 2968 733 3022 sit
748 2978 934 3039 posteaquam
955 2970 1133 3024 vocabulum:
1164 2953 1197 3024 cf.
1217 2970 1284 3026 Rib-

136 3058 233 3114 beckii
258 3060 343 3129 Trag.
370 3080 397 3131 p.
417 3068 474 3116 20⁴2.
512 3070 664 3132 antequam
689 3079 745 3117 non
771 3063 828 3116 vidi
855 3065 921 3118 ante
947 3063 1067 3118 Novium
1093 3063 1178 3118 Nonii
1203 3083 1230 3134 p.
1250 3072 1283 3120 39

137 3156 175 3220 (v.
199 3160 229 3207 19
247 3153 341 3222 Ribb.)
360 3155 472 3209 dictum.
559 3143 564 3157 ’

208 3247 249 3315 **)
267 3248 298 3301 In
316 3248 413 3302 eadem
441 3266 550 3316 caussa,
579 3251 611 3303 ut
627 3249 682 3305 hoc
698 3251 844 3320 tamquam
861 3252 1034 3321 praeteriens
1056 3268 1282 3318 commemorem,

136 3340 247 3408 aliquid
264 3341 377 3396 humani
396 3342 486 3397 eidem
506 3344 684 3398 Lachmanno
703 3343 806 3398 accidit
823 3345 859 3399 ad
877 3345 1033 3399 Trinummi
1050 3363 1159 3401 versum
1177 3346 1211 3412 V,
1228 3352 1283 3415 2,3

136 3438 229 3501 (1127)
252 3439 392 3503 spectans,
415 3453 499 3504 quem
520 3436 567 3490 ille
589 3437 678 3491 voluit
700 3437 759 3491 sine
779 3454 894 3492 caesura
915 3439 1072 3494 claudicare
1090 3441 1163 3497 Nam
1180 3442 1220 3497 e'x
1236 3441 1282 3497 dis

136 3530 259 3585 aeditus
277 3547 318 3586 me
336 3530 573 3600 exaedificcisset,
592 3549 699 3600 apsque
717 3533 748 3589 te'
760 3533 852 3600 soret,
872 3534 903 3585 tu
921 3532 959 3586 ad
975 3550 1154 3589 numerorum
1172 3534 1297 3603 elegen«

135 3621 209 3675 tiam
227 3621 266 3676 sic
282 3623 491 3693 transponendo
510 3622 653 3678 revocabis
676 3627 749 3681 Num
772 3627 1021 3695 exaedificavisset
1043 3645 1100 3695 me,
1124 3645 1231 3697 apsque
1256 3629 1286 3684 te

134 3717 225 3785 soret,
243 3733 283 3773 ex
299 3718 345 3774 iris
362 3719 541 3775 oedibus·
557 3717 616 3772 Nec
633 3717 662 3771 in
679 3718 828 3788 Adelphon
845 3719 892 3785 lV,
910 3726 934 3786 7,
951 3727 985 3776 40
1003 3723 1074 3789 (7118)
1092 3723 1182 3779 hosne
1199 3736 1280 3790 repo·

135 3807 221 3862 nenti
238 3826 324 3878 opera
341 3811 484 3865 successit:
509 3827 592 3879 quam
614 3812 734 3865 formam
751 3828 824 3881 nego
842 3811 961 3868 latinam
978 3829 1046 3869 esse.
1069 3844 1103 3853 -—
1124 3813 1184 3869 Nec
1200 3832 1283 3872 seru·

132 3904 205 3970 pius
222 3903 344 3957 concedo
362 3903 560 3958 Terentianum
578 3921 637 3959 esse
655 3905 740 3960 Andr.
754 3905 786 3973 V,
798 3912 823 3972 4,
836 3913 868 3961 37
881 3908 961 3976 (940),
980 3907 1028 3961 ubi
1044 3907 1281 3977 transponendum

135 3999 175 4052 At
190 3999 346 4065 scrupulus
364 4001 402 4053 mi
418 4002 503 4055 ctiam
522 4001 597 4056 uuus
615 4007 713 4056 restat.
731 4028 766 4040 —
783 3998 913 4053 Cetemm
935 4018 990 4055 non
1008 3998 1118 4066 rectius,
1136 4017 1220 4069 quam
1237 4001 1282 4055 vel

133 4091 258 4158 postibi
275 4090 399 4159 velpost
416 4094 458 4158 id,
481 4109 533 4162 pro
554 4094 669 4162 postilla
691 4092 720 4145 in
743 4092 825 4146 Ennii
848 4109 928 4147 versu
951 4094 1018 4161 (sive
1039 4094 1063 4147 is
1087 4093 1157 4148 alius
1180 4094 1282 4163 tragici

135 4185 189 4252 est)
213 4188 245 4238 st
263 4182 312 4250 V.,
339 4201 367 4253 p.
385 4190 446 4251 201,
474 4192 506 4239 15
531 4186 564 4240 R.
592 4183 686 4239 editur
714 4194 780 4255 post
809 4188 869 4245 illa.
913 4189 957 4241 An
987 4203 1119 4256 umquam
1150 4186 1203 4240 fuit
1232 4187 1281 4257 qui

129 4284 199 4347 post
221 4295 257 4335 ea
282 4276 405 4331 scribere
426 4296 478 4348 pro
499 4287 599 4348 postea
621 4280 706 4333 etiam
730 4281 819 4334 metro
843 4295 899 4333 non
917 4281 1077 4350 refragante
1095 4280 1219 4335 aninnnn
1240 4280 1281 4335 in·

132 4370 269 4426 duceret?
