2992 4996
258 324 322 387 260
603 338 824 387 cnossamvn
847 338 1061 385 enavninvn.

258 495 335 557 tudo
346 515 398 557 1111
410 514 517 557 eorum
531 492 748 576 exemplorum
760 496 875 574 movet,
895 514 976 575 quae
989 513 1110 556 rursum
1123 497 1254 554 servant
1264 492 1299 555 in
1310 492 1401 555 libris

260 608 315 668 aut
330 604 477 668 omnibus
494 607 550 667 aut
566 603 711 688 optimis:
731 625 864 687 quorum
880 625 1048 666 numerum
1065 602 1164 665 habes
1183 603 1311 666 circiter
1327 603 1403 667 tri-

260 715 463 780 cenarium
495 718 636 799 (praeter
663 736 700 777 ea
728 715 763 777 111
790 713 904 798 quibus
932 736 1052 778 rursum
1080 713 1338 796 monosyllabum
1367 715 1405 776 lit

258 831 334 890 ante
349 825 515 906 vocalem).
544 823 583 888 ln
605 848 667 908 quo
678 846 810 888 numero
823 825 918 888 etiam
930 823 1010 888 haee
1023 824 1171 887 habenda
1182 827 1269 906 sunt,
1288 825 1323 887 in
1335 824 1404 907 qui-

258 937 318 1000 bus
350 959 459 1001 rursus
480 936 534 999 diu
557 939 771 1020 propagatum
793 957 880 998 nunc
903 935 1000 998 cessit
1020 934 1188 998 meliorum
1210 935 1284 998 fidei
1307 934 1405 998 libro

258 1070 344 1111 rum:
377 1085 420 1096 -
452 1046 565 1109 Militis
587 1045 636 1128 H,
661 1047 696 1128 6,
723 1046 783 1109 109
816 1045 904 1127 (592)
937 1049 1039 1109 Redeo
1062 1048 1092 1108 in
1114 1057 1250 1109 senatum
1282 1046 1404 1109 risum:

258 1179 329 1222 nam
352 1160 538 1221 Palaestrio:
573 1156 619 1220 sic
642 1156 727 1220 enim
750 1156 794 1218 ibi
818 1155 1062 1238 Ambrosianus,
1095 1156 1151 1219 ubi
1173 1156 1260 1238 ipsos
1283 1155 1404 1218 Palati-
1436 1184 1451 1210 ο

258 1289 316 1331 nos
349 1267 465 1331 vitiosa
496 1290 602 1331 rursus
634 1267 793 1349 scriptura
826 1267 1009 1350 occupavit3
1032 1305 1074 1314 —
1107 1265 1175 1329 Mil.
1199 1265 1260 1348 III,
1287 1268 1315 1348 1,
1344 1267 1403 1330 107

259 1379 350 1464 (701)
383 1380 424 1442 Di
453 1384 508 1441 tibi
534 1379 666 1457 propitii
697 1387 766 1440 sunt
801 1382 919 1440 hercle:
962 1383 990 1440 si
1024 1379 1110 1441 briam
1143 1383 1234 1440 semel
1265 1378 1405 1440 ornaberis

259 1491 453 1561 Libertatem,
487 1493 549 1551 tau
567 1491 667 1564 [delle
688 1499 717 1550 le
738 1494 769 1550 in
787 1488 858 1551 'eum
881 1488 983 1551 rabam
1005 1491 1145 1552 restituet
1166 1494 1265 1551 locam
1287 1509 1403 1550 seeun-

258 1601 334 1662 dum
357 1599 605 1662 Ambrosianum
628 1601 661 1662 et
682 1596 859 1679 Palatinos,
883 1597 938 1662 ubi
961 1619 1043 1661 unus
1067 1597 1191 1661 Merula
1214 1620 1285 1661 oum
1309 1597 1404 1660 Italis

258 1731 381 1791 rursus,
404 1748 445 1756 —-
467 1708 596 1773 Trucul.
621 1707 661 1790 V,
687 1708 726 1771 73
752 1706 909 1787 areamque
931 1722 963 1771 a!
976 1730 1037 1771 rem
1054 1714 1126 1771 bene
1138 1702 1255 1787 pascam
1273 1710 1401 1795 {video}

257 1824 387 1885 vostram
420 1842 539 1883 rursum
571 1823 645 1883 bc'ac
675 1840 798 1896 peram,
834 1819 896 1882 nbi·
911 1817 1111 1883 Camerarius
1145 1819 1273 1882 demum
1296 1842 1405 1883 rursus

257 1932 397 2014 invexit,
432 1953 498 1994 non
531 1930 595 1993 alia
628 1933 707 2012 puto
741 1951 853 1992 caussa
885 1932 989 1992 motus
1018 1930 1081 1995 nisi
1119 1930 1202 2012 quod
1225 1930 1259 1993 in
1283 1928 1404 1993 Vetere

258 2064 323 2104 non
347 2045 395 2105 est
417 2063 537 2105 rursum
559 2041 651 2103 utin
675 2040 789 2103 ceteris
812 2040 977 2123 scriptum,
1002 2040 1056 2103 sed
1079 2039 1326 2103 immemorabili
1342 2040 1403 2103 dis-

259 2152 425 2236 crepantia
447 2175 537 2216 rursu
559 2156 633 2214 benc
652 2172 740 2228 pera.
785 2149 911 2213 Tantae
932 2150 1034 2234 igitur
1056 2151 1272 2234 exemplorum
1296 2149 1403 2213 multi·

256 2262 362 2327 tudini
394 2263 458 2326 tria
479 2265 605 2326 tantum
630 2262 758 2325 exstant
780 2282 861 2343 (luae
883 2260 954 2343 quis
976 2264 1133 2344 opponat,
1167 2282 1266 2344 eaque
1291 2283 1308 2323 e
1331 2260 1402 2323 tali·

258 2374 317 2437 bus
339 2372 521 2437 fabularum
543 2371 766 2435 Plautinarum
788 2370 934 2453 partibus
955 2370 1058 2453 petita
1079 2370 1203 2452 omnia,
1228 2373 1263 2434 in
1286 2370 1402 2454 quibus

260 2484 464 2547 Ambrosiani
498 2482 614 2546 codicis
645 2480 838 2544 testimoniis
874 2480 1086 2544 destituimur.
1132 2481 1175 2544 Et
1197 2480 1314 2544 horum
1335 2480 1401 2564 qui-

258 2594 329 2657 dem
352 2617 467 2677 unum,
498 2593 581 2677 quod
604 2597 653 2656 est
674 2591 809 2655 Poenuli
831 2590 912 2674 prol.
937 2592 977 2654 79
1001 2596 1150 2656 Reodrtor
1171 2614 1280 2655 marsus
1302 2594 1402 2654 debito

260 2708 486 2785 Corthdpincm,
509 2704 580 2787 quis
603 2703 652 2766 vel
668 2703 828 2786 tantisper
849 2702 992 2765 tuebitur
1015 2705 1199 2787 comparato
1223 2702 1296 2767 Cas.
1320 2701 1399 2785 prol.

258 2815 299 2877 33
318 2819 422 2892 pdstid
451 2836 573 2878 rursum
606 2814 728 2877 (11111111
771 2812 859 2896 Ergo
892 2834 933 2875 ne
956 2813 1017 2875 duo
1039 2811 1165 2897 quidem
1187 2834 1271 2895 quae
1295 2833 1401 2896 super·

259 2926 349 2986 sunt:
384 2922 482 2987 Merc.
507 2924 547 3006 V,
582 2925 613 3006 4,
648 2924 688 2986 41
714 2923 825 3008 (1001)
852 2926 1069 2987 Consuetudine
1102 2928 1221 2987 animas
1242 2945 1353 2987 rursus
1374 2935 1402 2985 le

258 3035 318 3096 aec
339 3039 493 3098 indecem:
522 3038 671 3118 obserere,
696 3039 729 3097 et
750 3032 849 3097 Poen.
873 3032 914 3115 V,
938 3033 970 3115 2,
993 3034 1036 3097 40
1057 3035 1167 3097 Solita
1190 3039 1274 3098 hanc
1296 3056 1402 3098 rursus

254 3145 367 3224 penae
389 3148 485 3208 ambis
506 3152 591 3222 meis,
628 3145 762 3208 multum
797 3143 960 3208 dubitabis
982 3149 1131 3208 revocata
1152 3166 1275 3209 rursum
1298 3145 1402 3208 forma

259 3253 298 3316 ad
332 3254 525 3338 reliquorum
556 3255 798 3318 similitudinem
832 3255 1079 3318 accommodare.
1130 3254 1201 3318 Etsi
1225 3256 1314 3319 enim
1337 3277 1402 3318 non

258 3386 309 3427 me
331 3364 417 3448 fugit
439 3364 640 3429 Naeuianum
663 3388 680 3428 e
702 3364 881 3428 Tarentilla
904 3363 1099 3447 exemplum,
1135 3365 1218 3448 quod
1242 3388 1311 3428 non
1334 3366 1403 3429 sine

258 3496 377 3560 magna
400 3476 626 3558 probabilitate
649 3476 695 3539 sic
717 3475 951 3559 redintegravit
962 3473 1004 3538 H.
1018 3473 1141 3538 Keilius
1165 3474 1403 3540 adCharisium

257 3609 289 3669 p.
314 3586 390 3650 217:
425 3590 485 3666 qud
512 3609 574 3667 pro
607 3591 789 3663 confidentia
822 3588 921 3650 ersus
948 3591 1067 3649 verbum
1096 3587 1162 3648 crim
1192 3607 1228 3648 eo
1254 3591 1455 3662 formem...

257 3700 365 3761 tamen
385 3701 570 3762 etseorsum
593 3696 809 3780 quaerendum
831 3700 880 3759 est
891 3695 1005 3759 Plauto
1027 3696 1103 3779 quid
1125 3695 1296 3780 placuerit,
1323 3703 1356 3761 et
1378 3698 1455 3760 if:

258 3812 294 3871 ut
315 3808 377 3872 sibi
399 3808 467 3891 ipse
492 3811 616 3872 constet
639 3807 815 3870 curandum
831 3810 959 3889 praeter
975 3810 1091 3870 cetera.
1137 3805 1187 3870 Ne
1205 3807 1279 3891 quis
1296 3812 1443 3871 auteur?

257 3918 471 3982 ratiocinandi
504 3917 757 3983 inconstantiam
779 3916 858 3980 mihi
880 3917 1010 3998 obiciat,
1045 3917 1099 3999 qui
1123 3921 1199 3981 ante
1223 3939 1455 3981 consonari„

257 4033 323 4092 tem
355 4030 478 4113 positae
506 4051 613 4093 rursus
634 4030 756 4091 formae
779 4028 840 4090 duo
863 4027 926 4111 (vel
949 4027 1026 4112 tria)
1050 4028 1196 4111 exempla
1219 4028 1455 4092 solliciter-1

259 4139 307 4202 bie
329 4138 430 4202 vocali
453 4140 660 4223 praemissam
683 4141 806 4201 tutatus
829 4138 889 4200 sim
911 4159 1023 4221 supra:
1056 4139 1273 4220 reputandum
1297 4145 1347 4202 est
1370 4140 1455 4201 1.]

258 4246 329 4311 ho'c
352 4271 469 4331 genere
502 4251 701 4333 aliquantum
736 4249 871 4311 valuisse
898 4249 993 4310 metri
1016 4248 1282 4333 invitamentum,
1319 4268 1455 4332 quo*

259 4358 381 4419 nullum
405 4359 437 4421 in
460 4358 531 4421 illo
553 4361 625 4422 fuit.
662 4359 773 4442 Itaque
795 4360 892 4421 etiam
905 4361 978 4440 post
1004 4358 1274 4447 l'lautunisarsas
1291 4362 1443 4436 inler-
