2946 5010
392 304 438 350 ua
461 302 575 350 roura
599 290 745 350 ‘nuris’
769 304 871 352 rums
894 303 1026 352 nonna.
1216 286 1277 351 377

137 460 246 543 inepte
269 458 341 541 alii,
367 480 385 522 a
408 457 505 521 Matio
528 458 636 522 nescio
658 481 720 542 quo
742 462 893 523 Aslberm‘o
916 457 1083 522 (tisbertus
1106 456 1279 541 Lougolius

138 571 319 655 repetiisset
341 569 548 633 adnotatione
571 568 605 631 in
628 569 779 634 Casinam
803 569 1149 652 (116111111531111
1172 568 1278 650 1538),

139 682 179 745 ad
202 682 305 745 tribus
328 681 433 764 potius
456 679 598 744 Maeuiae
621 679 863 744 similitudinem
883 679 1002 744 dictam
1017 702 1085 743 esse
1102 678 1280 743 Saracenos

139 797 171 856 et
186 793 247 856 sibi
265 794 297 855 et
313 791 384 855 aliis
406 792 575 875 persuasit,
600 794 637 854 ut
651 790 767 854 Iacobo
783 790 938 855 Gutherio
961 792 1012 855 ‘de
1033 792 1102 855 iuro
1123 790 1279 854 Manium'
1302 792 1304 794 ’

138 904 223 986 1,19
247 907 291 987 (p.
311 903 392 967 1132
414 904 448 966 in
471 902 627 967 Thesauri
651 903 824 967 Graeviani
846 906 870 966 t.
896 901 983 987 XII).
1028 902 1097 967 Nec
1120 902 1158 964 de
1181 900 1281 964 Metia

137 1017 231 1098 porta
254 1013 438 1096 dubitabat,
468 1037 561 1098 quem
590 1013 721 1078 honoris
745 1036 856 1077 caussa
879 1035 1106 1096 commemoro,
1136 1011 1280 1076 Muretus

138 1124 216 1188 Var.
242 1126 314 1188 lect.
339 1124 396 1206 lx,
424 1125 478 1196 13.
517 1123 578 1199 Qui
600 1125 742 1209 quidem,
773 1125 826 1187 ubi
851 1123 979 1188 taudem
1004 1123 1091 1187 illam
1113 1122 1212 1186 fuisse
1235 1121 1279 1184 di-

139 1238 241 1318 ceret,
265 1257 331 1298 uon
353 1235 456 1319 magis
479 1234 593 1298 habuit
615 1257 710 1318 quam
734 1257 805 1298 cum
828 1235 1004 1316 Saracena,
1027 1233 1100 1316 Pio,
1126 1231 1280 1296 (lutherio

138 1346 303 1410 Nardiuus
327 1345 466 1409 ‘Romae
489 1345 658 1429 autiquae'
687 1346 720 1428 I,
745 1346 764 1409 9
786 1369 817 1429 p.
842 1345 884 1408 44
913 1346 974 1429 (ecl.
999 1344 1091 1408 Rom.
1116 1366 1145 1407 a.
1173 1328 1277 1427 1666).

138 1457 239 1541 Atqui
268 1457 449 1519 habuerant
481 1455 578 1540 longe
606 1456 666 1521 hoc
694 1444 829 1541 priores*
843 1455 1008 1520 Fabricius
1036 1459 1068 1519 et
1091 1455 1277 1538 Panviuius,

138 1569 194 1651 qui
216 1566 301 1630 haud
331 1569 520 1630 cunctanter
548 1566 610 1630 alio
638 1567 767 1631 nomine
794 1567 926 1630 1111111111
949 1570 1095 1631 vocatam
1118 1589 1186 1630 esse
1209 1588 1279 1649 por·

138 1680 206 1740 tam
228 1677 429 1761 Esquilinam
451 1677 719 1762 proriuutiarant:
742 1678 859 1741 falsum
882 1681 931 1742 est
953 1679 1054 1761 1111111,
1079 1678 1161 1762 quod
1185 1677 1280 1740 Alex-

138 1787 240 1851 ander
267 1786 414 1851 Donatus
443 1787 582 1851 ‘Romae
604 1789 720 1852 veteris
744 1811 782 1852 ac
804 1789 959 1852 receutis’
990 1788 1022 1871 I,
1039 1789 1078 1852 21
1103 1812 1134 1871 p.
1151 1788 1192 1852 56
1216 1787 1278 1871 (od.

139 1899 244 1961 Amst.
276 1921 305 1961 a.
337 1897 432 1983 1695)
466 1898 512 1962 ait
545 1899 679 1963 eandem
712 1899 869 1963 Panvinio
896 1899 1029 1963 Metiam
1058 1899 1155 1963 videri
1186 1901 1281 1981 atque

141 2008 309 2072 Naevium.
340 2007 425 2072 Nam
449 2031 520 2072 cum
543 2013 633 2073 extra
648 2009 849 2093 Esquilinam
872 2014 904 2074 11
926 2010 1154 2093 suppliciorum
1177 2009 1280 2072 locum

139 2142 211 2183 cum
235 2119 422 2183 carnificum
443 2119 715 2204 vespillonumque
744 2124 777 2183 et
799 2121 1004 2185 aerianorum
1026 2119 1226 2183 habitatione
1249 2121 1282 2182 et

139 2229 283 2293 misellae
306 2229 490 2312 plebeculae
513 2225 692 2314 viliumque
707 2233 939 2315 mancipiorum
963 2230 1159 2314 sepulturam
1181 2229 1280 2292 fuisse

139 2363 177 2403 ex
201 2341 247 2403 eis
270 2342 412 2404 veterum
435 2341 625 2424 scriptorum
647 2342 839 2405 testimoniis
860 2340 1060 2407 intellectum
1083 2343 1176 2421 esset,
1200 2360 1281 2422 quae

129 2454 296 2535 congesta
318 2451 416 2514 habes
438 2451 539 2535 Lipsii
562 2451 601 2515 ad
623 2452 728 2516 Taciti
749 2453 867 2516 Annsl.
891 2452 934 2534 11,
958 2451 1000 2515 32
1023 2472 1156 2514 excursu
1179 2453 1211 2512 et
1233 2448 1281 2511 iu·

138 2564 315 2645 terpretum
349 2563 383 2625 in
412 2560 539 2625 Horatii
567 2562 670 2646 Epod.
695 2563 730 2645 5,
757 2564 818 2626 loo
850 2565 883 2626 et
910 2561 1010 2627 Serm.
1041 2561 1073 2643 I,
1097 2561 1133 2642 8,
1159 2560 1176 2623 7
1211 2581 1278 2642 sqq.

139 2672 393 2736 commentariis:
422 2673 500 2737 adeo
528 2672 590 2736 huc
619 2674 788 2738 convenire
815 2672 957 2736 Plautini
981 2694 1088 2735 versus
1110 2671 1169 2735 visi
1193 2672 1279 2750 suut,

139 2785 177 2845 ut
199 2783 427 2866 propemodum
454 2783 561 2846 nullus
590 2783 783 2847 dubitationi
810 2784 898 2848 locus
925 2783 1055 2846 relictus
1078 2785 1171 2845 11111.
1217 2779 1280 2843 Ita-

139 2914 201 2976 que
229 2893 292 2956 1111
321 2893 428 2976 opinio
456 2893 611 2957 Lambino
638 2894 761 2978 placuit
784 2917 854 2958 cum
877 2893 947 2957 aliis
971 2892 1076 2957 Plauti
1098 2890 1281 2974 interpreti—

4 3043 9 3050 2
131 2991 211 3085 bus,
236 3002 357 3085 placuit
380 3004 534 3086 (testante
550 3003 671 3086 Lipsio)
694 3004 828 3069 Octavio
843 3003 1059 3087 Pantagatho,
1084 3002 1206 3085 placuit
1221 3001 1282 3084 ipsi

140 3113 264 3196 uipsio,
293 3113 370 3177 111111
394 3112 537 3177 Burtono
559 3113 659 3177 ‘Rom
680 3114 747 3177 und
769 3105 914 3178 [latium’
942 3114 1011 3198 1p.
1037 3114 1077 3178 88
1107 3111 1169 3198 (cd.
1193 3111 1281 3175 Siclr-

139 3223 200 3286 leri
223 3223 382 3309 vernae),
412 3228 502 3288 extra
532 3225 782 3289 controversiam
811 3229 917 3289 autem
944 3225 1049 3309 posita
1073 3245 1139 3287 esse
1163 3221 1281 3285 Adlero

140 3334 210 3397 visa
235 3337 285 3397 111
306 3334 341 3398 iu
363 3334 586 3418 Descriptioue
609 3335 697 3399 urbis
719 3335 840 3400 Romae
862 3359 893 3420 p.
917 3336 968 3399 22.
1014 3334 1150 3398 1111111111
1171 3335 1281 3395 tamen

139 3444 196 3528 qui
226 3444 400 3508 identidem
428 3467 497 3509 cam
530 3446 753 3531 impugnaret,
787 3447 950 3510 Antonius
978 3445 1140 3529 Nibbyus,
1178 3442 1315 3506 clarusv

139 3554 228 3617 iuter
256 3555 424 3637 populares
447 3577 519 3619 suos
541 3558 747 3637 περιηγητής,
777 3556 880 3646 tribus
908 3557 943 3619 111
969 3555 1028 3620 hoc
1052 3576 1169 3640 genere
1192 3552 1281 3615 libris

140 3663 251 3727 editis:
274 3687 409 3748 quorum
430 3687 495 3729 uno
517 3666 646 3749 repetiit
668 3665 1012 3731 111111182οΝ11111111
1034 3664 1281 3748 descriptionem

143 3773 239 3837 Vrbis
272 3776 336 3838 suis
370 3775 640 3860 disputationibus
673 3776 901 3860 locupletatam
938 3778 1013 3861 (quo
1046 3779 1155 3839 tamen
1189 3772 1281 3835 uobis

141 3885 314 3948 carendum
342 3886 434 3969 fuit),
469 3887 605 3950 alterum
638 3894 667 3950 lc
694 3908 782 3951 mara
811 3895 845 3951 dr·
870 3893 968 3951 Roma
999 3885 1191 3968 inscriptum
1217 3904 1281 3945 uno

139 3999 214 4079 post
236 4017 322 4058 anno
344 3997 497 4081 vulgavit,
521 3997 656 4061 tertium
669 4003 764 4062 Roma
779 4000 846 4062 nell*
863 4018 943 4061 anno
965 4000 1227 4060 MMCCXXXV
1228 3998 1283 4056 III
1382 4026 1386 4033 ·

140 4105 316 4188 inscripsit.
361 4105 393 4169 Is
415 4108 515 4191 igitur
537 4108 590 4171 hie
612 4108 740 4192 squidem
761 4130 793 4191 p.
820 4108 879 4171 107
902 4129 961 4190 sq,
984 4106 1050 4169 illic
1073 4130 1103 4189 p.
1128 4106 1187 4169 167
1211 4127 1278 4188 sqq.
1374 4186 1377 4192 .

43 4291 46 4295 ἵ
138 4214 200 4278 hoo
233 4236 298 4277 uno
330 4237 405 4279 usus
438 4220 642 4301 argumente,
684 4221 719 4281 ut
755 4220 882 4301 praeter
919 4219 1045 4300 portam
1078 4215 1280 4300 Esquilinam

137 4324 218 4388 alios
247 4345 371 4409 quoque
407 4329 440 4390 11
467 4327 648 4410 sepulturae
677 4331 709 4391 et
736 4328 965 4413 suppliciorum
992 4327 1078 4392 locos
1106 4327 1205 4392 fuisse
1234 4326 1279 4390 di-
