2986 5004
750 1207 845 1316 IV.

466 1406 770 1500 Glossarium
802 1405 1135 1518 Plautinum.*)

180 1806 212 1855 ¹¹¹
316 1797 396 1862 Cum
411 1796 519 1860 Plauti
543 1817 655 1859 caussa
677 1796 863 1859 Italieanrm
886 1795 994 1879 copiam
1015 1795 1283 1859 bibliothecarum
1306 1817 1375 1879 per·

231 1909 476 1992 vestigaremns,
507 1905 586 1970 illud
614 1905 709 1969 facile
737 1906 971 1988 intelleximus,
1007 1906 1073 1968 eius
1101 1907 1199 1969 studii
1228 1906 1314 1991 quod
1342 1907 1373 1970 in

230 2017 482 2101 interpretandis
512 2016 630 2080 fabulis
658 2016 817 2080 Plautinis
852 2016 922 2101 ipsa
950 2015 1126 2100 antiquitas
1160 2016 1376 2101 posuisset*²·²)

230 2128 312 2192 nihil
334 2130 474 2191 aetatem
496 2128 622 2191 tulisse:
645 2127 677 2190 id
700 2128 783 2210 quod
805 2149 846 2190 ne
868 2148 1109 2211 speraveramus
1132 2128 1271 2210 quidem.
1313 2126 1376 2191 Sed

230 2239 264 2303 in
292 2261 407 2302 manns
435 2242 544 2302 tamen
575 2259 633 2322 per
661 2259 730 2300 eam
761 2237 1034 2321 opportunitatem
1064 2241 1223 2301 venerunt
1250 2237 1378 2301 codices

230 2350 359 2433 quidam
386 2371 462 2413 mss,
486 2352 537 2412 sat
564 2347 616 2410 vel
644 2348 766 2431 amplos
797 2347 846 2411 vel
877 2346 1099 2411 memorabiles
1127 2349 1378 2411 commentarios

232 2459 403 2543 complexi,
433 2481 512 2543 quos
541 2458 667 2522 doctam
697 2456 923 2540 antiquitatem
951 2457 1077 2521 imitata
1102 2458 1263 2521 recentior
1287 2462 1378 2521 aetas

230 2570 365 2652 peperit.
411 2569 459 2632 De
481 2590 542 2653 quo
565 2567 854 2651 genere-universo
882 2567 993 2650 paneis
1020 2568 1224 2650 exposuimus
1246 2568 1283 2631 in
1306 2590 1378 2652 pro·

230 2680 333 2742 oemio
356 2680 423 2741 eius
446 2679 535 2762 libri,
567 2700 629 2762 quo
657 2677 697 2740 ad
725 2676 897 2741 Homerica
919 2677 1026 2741 studia
1048 2677 1210 2741 Pisistrati
1234 2677 1378 2741 Alexan-

231 2789 402 2871 drinasque
429 2787 640 2852 bibliothecas
668 2790 819 2870 spectans
845 2793 990 2851 scholium
1014 2794 1188 2852 Plautinum
1212 2789 1378 2852 enarravi-

231 2919 300 2960 mus
325 2896 454 2984 [Opusc.
472 2898 534 2961 vol.
551 2897 566 2960 Ι
582 2920 613 2981 p.
631 2899 651 2961 6
666 2896 760 2985 sqql.
792 2897 837 2960 Et
851 2896 912 2961 hoc
927 2898 1054 2982 quidem
1076 2897 1182 2981 ipsum
1198 2897 1252 2981 qui
1277 2899 1377 2961 codex

230 3010 321 3071 tenet
343 3006 477 3091 Oollegii
500 3007 639 3070 Romani
654 3009 685 3071 4.
703 3008 737 3072 Ο.
755 3008 806 3090 39,
831 3007 910 3071 satis
932 3011 1039 3091 potest
1052 3008 1120 3071 illic
1142 3030 1211 3072 esse
1233 3008 1378 3092 descrip-

230 3121 282 3181 tus
310 3117 420 3181 videri.
466 3117 518 3180 Ab
546 3139 583 3181 eo
610 3122 716 3181 autem
739 3139 857 3201 genere
880 3119 1079 3201 aliquantum
1106 3117 1294 3201 discrepant
1322 3120 1377 3203 qui

231 3250 297 3291 non
319 3232 356 3291 ut
377 3227 570 3311 legerentur,
595 3229 649 3292 sed
671 3231 708 3291 ut
730 3228 917 3292 audirentur
933 3228 1099 3311 compositi
1115 3232 1192 3292 sunt
1215 3249 1378 3293 commen-

172 3387 174 3391 ·
230 3339 306 3402 tarii
328 3338 492 3402 doctorum
521 3342 592 3421 (pro
614 3339 670 3402 illa
693 3340 812 3422 aetate)
841 3339 1067 3422 magistrorum
1090 3337 1261 3401 Plautinas
1284 3339 1378 3403 fabu-

231 3448 279 3513 las
312 3449 402 3513 Italis
436 3449 694 3513 adulescentibus
728 3449 1020 3533 interpretantium.
1077 3447 1128 3511 Ex
1160 3447 1258 3512 huius
1290 3451 1377 3513 modi

299 3705 324 3773 ²⁶²)
355 3704 541 3774 [Prooemium
573 3703 673 3757 Indicis
702 3703 859 3758 scholarum
893 3702 1062 3757 aestivarum
1092 3703 1281 3757 Bonnensium
1311 3705 1378 3759 airni

232 3794 497 3867 Clolscccxuvua

298 3893 339 3960 **)
370 3891 526 3961 [Veterum
555 3908 673 3960 quorum
696 3890 808 3956 quidem
837 3891 915 3944 certa
937 3890 1084 3953 memoria,
1106 3890 1295 3959 interpretum
1313 3891 1330 3945 i.
1353 3912 1375 3947 e.

232 3984 351 4038 Cornelii
369 3984 502 4039 Sisennae
521 3987 551 4038 et
569 3984 692 4039 Terentii
705 3982 801 4036 Scauri
818 3982 975 4038 horninibus
993 3987 1037 4036 sat
1054 3983 1195 4053 probabili
1214 3984 1378 4039 coniectura

230 4080 262 4131 A.
281 4077 592 4132 Schottmuellerus
611 4078 762 4146 Symbolae
780 4076 875 4146 philol.
892 4078 978 4130 Bonn.
995 4095 1021 4146 p.
1046 4082 1096 4130 823
1114 4093 1175 4144 sqq.
1195 4083 1245 4130 831
1266 4078 1379 4132 addidit

230 4188 319 4239 nuper
344 4171 462 4225 duorum
488 4171 749 4225 commentariorum
768 4170 958 4224 Plautiuorum
987 4169 1105 4236 uestigia
1127 4169 1155 4221 in
1175 4169 1260 4222 Nouii
1286 4174 1378 4226 sarra·

231 4264 295 4331 gine
314 4281 331 4317 a
348 4281 377 4317 se
395 4266 518 4319 detecta:
541 4281 659 4332 qnorum
677 4265 748 4318 alter
766 4264 801 4317 ad
820 4263 953 4316 tredecim
973 4261 1079 4316 fabulas
1097 4262 1279 4330 pertinuisse,
1305 4266 1378 4322 alter
1434 4278 1438 4293 ⁴

231 4356 259 4409 in
278 4357 478 4424 Amphitruone
496 4358 652 4411 substitisse
670 4357 799 4426 videtur]
