2866 5010
215 326 278 392 666
537 338 713 389 66666616
736 338 806 387 vor
829 333 1030 387 66166166.

217 500 345 564 exstent
371 497 406 561 in
435 496 611 561 codicibus:
645 494 802 560 editorum
829 493 958 578 quidem
985 494 1160 561 sedulitate
1183 519 1254 562 non
1275 499 1362 563 modo

218 609 424 675 coniunctum
447 611 496 674 est
517 629 619 692 genus
642 609 822 690 utrumque,
846 605 900 669 sed
920 605 1052 690 plurimi
1075 608 1177 672 etiam
1199 613 1362 693 praetcrea

216 742 325 785 versus
348 719 464 784 adiecti
486 718 700 784 recentiorum
723 716 906 800 hominum;
934 716 966 780 id
995 719 1079 802 quod
1104 740 1179 785 cum
1208 720 1361 808 exempla·

217 831 299 896 rium.
320 830 549 894 nonnullorum
571 828 782 912 inscriptione
808 828 1027 912 significatur,
1056 832 1128 897 tum
1157 833 1360 899 confirmatur

215 942 242 1007 I.
272 943 312 1006 A.
341 941 482 1005 Fabricii
510 938 628 1005 iudicio
661 940 787 1023 prodito
816 936 1037 1005 Bibliothecae
1065 941 1126 1007 lat.
1155 966 1192 1028 p.
1222 945 1286 1010 478
1314 944 1356 1011 ed.

115 1124 118 1129 ,
217 1054 295 1120 Ern.
341 1051 411 1137 Qua
437 1052 471 1119 in
499 1073 533 1119 re
561 1050 647 1117 haud
668 1050 837 1117 mediocris
859 1050 995 1115 dolenda
1017 1055 1067 1117 est
1088 1055 1234 1138 incuria,
1257 1077 1358 1140 quarn·

217 1165 265 1230 vis
290 1164 427 1250 indigna
453 1162 575 1246 critico,
602 1165 711 1227 tamen
736 1162 892 1226 maiorum
911 1166 1015 1227 aetate
1035 1165 1170 1250 propria
1189 1166 1357 1252 philologo

217 1299 302 1341 rum:
327 1275 380 1360 661
403 1275 431 1339 61
445 1272 619 1358 diligenter
634 1273 853 1357 adnotassent,
877 1273 953 1358 quid
972 1275 1129 1359 scriptum
1151 1276 1354 1361 invenissent,

217 1388 293 1474 quid
316 1388 428 1471 suopte
451 1384 609 1450 arbitratu
636 1384 849 1468 addidissent,
880 1385 997 1449 certius
1019 1386 1058 1450 de
1081 1408 1117 1451 re
1139 1409 1265 1473 quaque
1285 1388 1354 1453 iudi

219 1520 291 1566 care
313 1518 478 1585 possemus
500 1519 596 1582 quarn
611 1518 698 1560 nunc
719 1495 806 1561 licet.
851 1495 964 1580 Itaque
986 1496 1116 1562 illarum
1137 1499 1247 1565 fontes
1267 1499 1353 1564 inter-

217 1610 418 1695 polationum
445 1630 511 1674 non
538 1608 688 1673 ridentur
717 1607 846 1692 penitus
873 1607 1023 1692 indagari
1045 1631 1151 1693 posse,
1175 1610 1240 1674 nisi
1261 1633 1352 1674 erem·

217 1721 355 1806 plarium
377 1723 429 1784 sat
449 1740 602 1804 magnam
624 1718 864 1783 multitudinem
890 1718 925 1783 in
946 1722 1099 1805 promptu
1120 1720 1252 1786 habeas.
1293 1720 1352 1797 Qua

218 1832 279 1897 etsi
296 1852 388 1895 careo
404 1830 560 1914 equidem,
585 1835 693 1894 tamen
709 1829 850 1894 studiose
870 1830 1047 1914 inquirenti
1062 1830 1143 1895 mihi
1165 1832 1233 1897 fors
1248 1832 1352 1897 obtulit

165 2029 169 2032 ῃ
218 1940 360 2005 subsidia
382 1942 538 2025 quaedam
559 1941 645 2005 haud
668 1942 858 2026 spernenda.
902 1940 1033 2005 Etenim
1052 1942 1092 2005 ab
1116 1942 1256 2008 editione
1276 1944 1350 2028 priu-

219 2053 289 2138 cipe
318 2050 474 2117 Desiderii
504 2052 631 2117 Erasini
660 2052 882 2134 Roterodami,
911 2073 992 2136 quae
1018 2052 1141 2137 prodiit
1169 2076 1255 2119 anno
1281 2053 1349 2118 1616

218 2160 446 2248 Argentorati,
475 2186 541 2228 non
569 2162 663 2229 modo
689 2163 744 2227 ille
766 2185 877 2227 versus
899 2163 1005 2246 abest,
1029 2185 1124 2248 quem
1147 2168 1278 2249 propter
1297 2186 1348 2228 ser·

169 2288 200 2336 19
217 2274 322 2339 monis
344 2274 581 2339 deformitatem
609 2274 801 2359 explosimus
829 2295 941 2358 supra:
971 2278 1104 2340 Alterius
1126 2282 1268 2340 damnum
1285 2297 1348 2354 666-

219 2392 300 2450 dr'um
323 2391 409 2451 houd
418 2390 526 2463 socios
541 2397 630 2461 tuum,
655 2385 824 2450 sedetiam
845 2385 984 2470 insignis
1006 2385 1060 2449 ille
1082 2386 1267 2451 insulsitate
1287 2408 1347 2448 sua:

220 2501 315 2574 (luam
336 2503 434 2561 molus
455 2509 512 2575 ese,
542 2502 663 2576 culpam
692 2504 747 2577 qui
765 2518 850 2562 suom
872 2503 996 2561 alterius
1012 2500 1103 2572 facit.
1149 2498 1256 2583 Atque
1276 2496 1347 2560 hunc

218 2608 354 2673 eundem
376 2607 437 2672 etsi
458 2607 613 2691 Iosephus
635 2629 759 2692 quoquc
782 2607 926 2691 Scaliger
947 2607 1078 2671 seclusit
1100 2631 1120 2671 a
1143 2607 1216 2692 Syri
1237 2612 1346 2673 senten·

217 2719 282 2802 tiis,
306 2741 385 2804 quas
409 2718 527 2782 adiecit
540 2716 687 2802 Dionysii
703 2716 836 2784 Catonis
858 2717 1004 2782 distichis
1026 2718 1064 2782 de
1086 2720 1230 2784 moribus
1247 2738 1347 2805 graece

218 2853 237 2895 a
260 2851 294 2894 66
315 2829 448 2894 redditis
471 2832 565 2913 atque
588 2828 682 2894 editis
705 2827 855 2914 Lugduni
870 2828 1064 2893 Batavorum
1086 2852 1117 2894 a.
1137 2830 1228 2904 1626,
1253 2835 1346 2894 tanen

217 2941 253 3004 in
275 2940 415 3004 eiusdem
430 2940 604 3004 editionem
625 2940 691 3004 iarn
711 2939 841 3023 irrepsit
856 2940 937 3004 alter
958 2938 1011 3003 ille
1034 2941 1089 3023 qui
1105 2941 1198 3005 abest
1212 2942 1252 3005 ab
1266 2940 1346 3005 Eras-

204 3039 336 3115 'miana
386 3050 447 3115 Sed
475 3073 538 3115 uno
565 3054 640 3134 post
667 3049 809 3134 saeculo,
838 3050 893 3114 ubi
923 3050 1002 3114 66116
1026 3051 1186 3115 saevierat
1208 3051 1348 3116 editorum

218 3162 337 3245 lubido,
354 3164 482 3227 exortus
498 3164 547 3226 est
561 3160 719 3226 Ricardus
734 3160 910 3244 BentleiuS,
928 3160 981 3244 qui
996 3153 1149 3225 Terentio
1163 3184 1222 3227 suo
1236 3163 1349 3246 praeter

218 3272 357 3337 Phaedri
379 3272 504 3337 fabulas
527 3295 581 3337 666
604 3272 741 3336 subiecit
756 3272 827 3356 Syri
850 3272 1037 3354 sententias,
1061 3294 1140 3357 quas
1162 3273 1199 3336 in
1214 3275 1350 3357 quattuor

218 3384 380 3448 codicibus
397 3383 720 3467 cantabrigiensibus
736 3384 904 3447 invenerat
918 3403 1043 3466 unoque
1058 3381 1211 3447 Leidensi
1225 3381 1351 3448 inveniri

218 3498 427 3579 compererat.
465 3494 567 3569 Quem
587 3493 706 3557 librum
721 3494 775 3558 ubi
790 3497 903 3557 nactus
919 3515 1016 3577 eram,
1040 3493 1170 3577 gavisus
1193 3516 1264 3557 sum
1277 3491 1352 3557 haud

218 3605 437 3688 mediocriter,
467 3604 551 3689 quod
573 3608 701 3689 praeter
722 3604 800 3668 duos
821 3604 893 3668 illos
915 3601 1087 3668 versiculos
1111 3603 1212 3668 etiam
1233 3604 1354 3668 tertium

217 3717 377 3800 quendam
398 3716 550 3779 omissum
578 3715 742 3799 ridebam,
764 3715 883 3780 hunce:
911 3719 1043 3779 Lucrum
1070 3718 1135 3778 siae
1157 3720 1271 3780 damno
1293 3721 1355 3778 clle-

217 3833 281 3891 rius
301 3833 371 3898 ficri
391 3848 451 3891 non
469 3838 578 3906 potest.
924 3907 934 3914 -

302 3936 414 4022 ltaque
436 3938 500 4001 iam
519 3936 641 4001 ridetur
657 3959 694 4001 66
709 3937 846 4001 adducta
867 3935 1041 4019 disputatio
1057 3955 1127 3998 6666
1141 3938 1191 4018 61,
1215 3940 1359 4021 quoniam

217 4047 393 4131 exquisitae
420 4046 468 4111 illi
495 4069 556 4111 nac
585 4047 712 4131 vulgari
741 4047 936 4128 sententiae:
971 4050 1015 4109 bis
1042 4051 1141 4109 emori
1165 4059 1212 4110 est
1241 4054 1361 4112 ulterius

217 4162 347 4222 arbitrio
368 4164 460 4235 mori,
485 4157 532 4220 uti
556 4156 640 4240 apud
662 4156 845 4220 Bentleium
867 4177 991 4240 666666
1013 4155 1171 4240 scriptum
1195 4161 1263 4240 est,
1287 4159 1362 4243 pris·

216 4266 319 4330 tinam
347 4267 543 4353 elegantiam
579 4267 723 4331 videmur
756 4270 853 4331 antea
880 4265 1075 4348 restituisse,
1105 4287 1209 4330 unum
1239 4272 1364 4333 tantum

216 4376 373 4465 reliquum
395 4378 438 4441 sit
460 4381 628 4465 corruptae
654 4378 871 4466 paenultimae
899 4376 1080 4461 exemplum
1108 4383 1244 4444 alterius
1271 4380 1364 4464 vocis,
