2946 5010
235 318 298 383 388
516 337 755 397 ovansmonns
780 336 1085 385 rorouaarnrcan.

235 488 297 553 fori
330 493 453 573 partem
477 494 622 574 spectaro
645 514 742 576 grave
765 490 920 555 Varronis
943 489 1173 571 testimonium,
1208 511 1225 552 e
1247 489 1332 553 libro
1355 489 1386 553 ll

235 601 273 662 de
296 601 362 664 vita
384 601 493 684 populi
517 602 655 666 ltomani
678 603 852 667 excitatum
875 626 894 665 a
916 600 1022 664 Nonio
1045 624 1076 684 p.
1101 600 1180 665 532:
1213 605 1272 663 lioc
1295 608 1386 663 inter·

234 717 315 775 uallo
333 719 464 791 primuni
484 717 619 789 sorensis
642 720 776 792 dignitus
798 720 892 777 crevit
925 724 1077 791 (riquier
1100 717 1234 774 {uternis
1256 718 1388 775 lanienis

234 829 431 898 argentariae
449 827 566 899 sociae.
612 823 661 886 Ea
683 824 784 907 igitur
804 823 939 886 mutatio
962 821 1128 905 quaeritur
1143 822 1273 904 quando
1297 823 1387 885 facta

233 931 285 995 sit.
320 932 439 1007 Quinto
462 933 587 996 saeculo
611 933 779 996 Bunsonus
802 933 916 996 tribuit
938 931 1047 995 Desor.
1071 933 1160 995 urbis
1183 931 1309 996 Romae
1326 933 1385 1013 Ill,

232 1044 253 1105 2
274 1066 306 1127 p.
331 1043 383 1126 25,
419 1043 665 1107 ratiocinatione
699 1045 777 1106 satis
801 1043 909 1106 subtili
932 1041 994 1105 hae
1016 1064 1102 1125 usus²
1127 1043 1211 1126 quod
1235 1045 1276 1106 ad
1300 1044 1386 1107 idem

233 1157 359 1237 ternpus
393 1154 456 1216 alia
489 1154 674 1237 pertineant
706 1155 815 1218 eodem
848 1153 930 1216 libro
952 1152 984 1215 ll
1018 1151 1208 1216 aVarrone
1231 1156 1385 1217 tractata.

233 1264 353 1329 Verum
387 1268 435 1327 ost
463 1267 641 1347 temporum
671 1265 871 1347 potissimum
905 1263 1015 1326 ordine
1042 1285 1092 1326 res
1115 1263 1301 1328 Varronem
1325 1266 1386 1328 dis-

232 1376 375 1459 posuisse
409 1354 559 1459 quattuor
592 1376 718 1439 devita
751 1375 787 1439 P.
814 1375 851 1439 lt.
876 1374 1021 1454 libris*):
1054 1374 1150 1438 facile
1184 1376 1273 1438 enim
1297 1377 1384 1459 frag·

232 1489 342 1548 menta
365 1487 497 1566 docent,
532 1506 592 1549 noo
615 1485 784 1568 quiequam
807 1483 929 1566 salsina,
954 1506 1049 1567 quam
1071 1486 1156 1568 quod
1178 1488 1283 1549 menti
1308 1510 1385 1549 suae

231 1596 353 1679 Popma
375 1595 573 1676 informavit,
597 1596 700 1679 primo
722 1594 804 1657 libro
828 1594 931 1678 egisse
953 1594 1044 1657 illurn
1067 1601 1104 1658 de
1126 1617 1161 1658 re
1181 1600 1344 1672 familiari
1364 1620 1384 1659 u

228 1713 375 1786 patribus,
411 1711 543 1768 serrendo
576 1711 613 1768 (ie
636 1712 743 1770 uicinis
764 1710 981 1768 cousuetudine
1000 1711 1197 1786 primiparis,
1231 1715 1385 1771 tertioue

231 1823 400 1894 disciplinis
429 1822 542 1894 priscis
575 1823 752 1879 necessariis
774 1823 866 1879 vilae:
900 1815 1013 1898 quibus
1042 1817 1243 1897 argumentis
1269 1818 1381 1903 (Nonii

232 1949 262 2009 p.
286 1926 349 1987 494
371 1924 555 1988 testimonio
577 1926 727 2009 proditis)
744 1926 851 2008 capita
871 1928 998 1988 tantum
1014 1925 1109 2009 primi
1124 1926 1201 1989 libri
1217 1924 1382 1991 destinata

231 2037 330 2099 t'uero.
376 2036 489 2119 Itaque
513 2059 583 2099 oum
607 2036 685 2100 illud
709 2037 921 2099 certissimum
944 2035 996 2117 sit,
1029 2037 1167 2099 seeundo
1195 2037 1279 2101 libro
1304 2039 1380 2101 Var-

232 2169 340 2210 ronem
363 2148 510 2231 quintum
533 2148 695 2210 saeculum
717 2169 781 2210 non
806 2167 969 2230 egressum
992 2168 1074 2209 esse:
1110 2148 1160 2209 eui
1195 2150 1239 2211 rei
1266 2150 1378 2213 firmis-

230 2259 344 2321 simum
367 2261 593 2341 argumentum
615 2258 737 2341 petitur
761 2280 777 2319 e
799 2256 886 2320 tertii
908 2256 983 2320 libri
1003 2257 1086 2339 apud
1102 2256 1247 2321 Nonium
1270 2283 1302 2343 p.
1319 2262 1381 2324 iar

231 2368 280 2431 his
303 2369 428 2431 verbis:
464 2389 533 2431 uam
565 2379 671 2446 postea
696 2374 728 2431 C.
753 2373 875 2431 Liriuiio
896 2373 1013 2431 consuli
1040 2374 1082 2430 aii
1104 2373 1230 2446 nepotis
1254 2378 1377 2434 insulas.

229 2502 295 2542 rum
319 2487 382 2559 ipse
404 2485 562 2558 catapulta
585 2485 660 2542 icius
681 2490 764 2555 ossei,
789 2479 916 2561 quando
940 2477 979 2539 ad
997 2479 1137 2561 Aegates
1158 2478 1293 2543 Lutatio
1316 2503 1377 2544 eos.

230 2594 410 2673 pugnatum
433 2592 482 2652 est
505 2612 532 2652 a.
557 2589 637 2652 512:
660 2592 769 2651 tamen
794 2589 895 2651 altera
917 2609 955 2649 ex
978 2591 1069 2671 parte
1092 2589 1234 2653 dubitari
1267 2592 1378 2676 nequit

229 2701 306 2782 quin
330 2701 413 2762 idom
437 2700 490 2762 illo
513 2700 594 2762 liber
617 2699 646 2761 Il
671 2701 767 2762 etiarn
792 2720 841 2762 res
864 2699 976 2782 quinto
997 2698 1123 2762 saeculo
1145 2701 1272 2782 priores
1297 2725 1375 2766 aorn-

230 2810 407 2891 plorassit.
433 2808 517 2872 Num
532 2813 569 2871 ut
583 2811 643 2872 hoe
659 2832 757 2872 unum
781 2810 959 2885 afferamus,
985 2810 1023 2871 ad
1037 2812 1164 2892 captam
1189 2816 1232 2891 (a.
1258 2814 1336 2893 364)
1360 2838 1376 2875 a

229 2918 330 2981 Gallis
354 2918 473 2981 Vrbem
506 2921 725 3003 fragmentum
759 2920 900 3002 pertinet
933 2941 971 2981 ox
1006 2940 1042 2982 eo
1074 2918 1156 2982 libro
1193 2920 1329 2986 allatum
1359 2946 1376 2985 a

229 3027 333 3090 Nonio
356 3051 387 3110 p.
411 3028 542 3111 498.**)
586 3029 852 3112 Veriquesimile
875 3028 1081 3111 estonrni110‚
1106 3031 1190 3113 quod
1213 3032 1249 3095 in
1274 3037 1375 3096 trans·

183 3143 207 3191 l!
229 3160 321 3201 eursu
356 3139 539 3221 signilimre
562 3141 667 3222 liceat,
693 3141 794 3222 primo
826 3140 908 3202 libro
930 3159 1042 3223 regum
1065 3143 1211 3222 tempora
1236 3146 1375 3207 tractata

228 3271 311 3331 asso,
345 3249 467 3312 Punica
495 3254 639 3334 tempora
666 3251 762 3313 tortio
786 3249 1023 3333 comprehensa.
1069 3249 1120 3313 Ex
1150 3250 1200 3314 his
1223 3254 1373 3336 efficitur,

228 3363 340 3423 erintra
373 3362 469 3442 atque
514 3363 627 3424 statuit
653 3360 833 3443 Bunsenus,
867 3381 931 3424 non
955 3360 1110 3443 impedire
1134 3360 1293 3428 Varronis
1315 3370 1374 3428 tes-

244 3526 292 3530 .,-.-
298 3526 429 3533 .-,-»ῳ-.

294 3616 319 3682 *)
350 3615 538 3684 [liecuratiusy
562 3632 633 3682 quae
656 3615 770 3683 partitio
793 3618 822 3669 ot
840 3615 984 3685 dispositio
1003 3617 1103 3670 horum
1122 3618 1260 3674 libroruin
1282 3622 1374 3683 suerit,

227 3710 291 3777 post
313 3723 363 3760 nos
387 3708 523 3776 rpuaesivit
547 3707 715 3775 Georgius
740 3709 837 3761 Thilo
865 3708 894 3760 in
922 3709 1118 3764 [lissertationo
1143 3712 1286 3767 Bonnensi
1310 3717 1374 3769 anui

229 3808 301 3867 1853,
320 3818 391 3869 quae
410 3804 452 3855 est
471 3801 521 3855 ‘ile
539 3801 664 3855 Varrone
683 3801 823 3854 Plutarchi
836 3801 1033 3865 Quaestionum
1048 3804 1239 3859 Romanarum
1260 3811 1374 3863 auctore

225 3894 401 3964 praooipuo'‚
420 3914 447 3963 p.
467 3903 483 3948 4
501 3913 561 3963 sqq.
599 3895 677 3948 nude
696 3896 791 3947 nostra
809 3895 895 3948 Musei
917 3896 1043 3949 Ithonaui
1063 3898 1126 3950 novi
1146 3901 1164 3951 t.
1185 3898 1224 3952 Vl
1246 3904 1280 3965 (a.
1300 3906 1374 3956 {Sisi

217 4006 251 4057 [ρ.
272 3991 342 4059 ara]

292 4084 332 4148 Vl)
352 4083 393 4134 Ad
411 4084 527 4136 eandem
543 4083 775 4152 expuguationem
789 4083 924 4136 Gallicam
938 4101 999 4158 curn
1018 4085 1205 4153 probabiliter
1225 4091 1289 4157 post
1303 4092 1373 4144 alios

224 4175 467 4229 Drakonbombius
495 4176 522 4228 in
546 4176 602 4229 Liv.
626 4176 658 4239 V,
677 4183 709 4228 48
733 4180 761 4229 et
784 4176 938 4229 Booekhius
962 4176 1074 4240 Quaest.
1095 4181 1245 4250 metrolog.
1274 4202 1302 4252 p.
1324 4192 1373 4238 435

225 4268 381 4321 rettulerint
406 4270 524 4322 atterum
543 4272 729 4335 traginentmn
754 4269 906 4337 quoddam,
930 4270 1004 4337 quod
1027 4289 1044 4323 a
1063 4271 1153 4326 Nonio
1171 4291 1198 4342 p.
1221 4282 1272 4328 298
1291 4279 1373 4329 atior-

224 4362 270 4411 tur
288 4378 303 4412 u
321 4361 393 4413 libro
412 4363 435 4427 l,
456 4362 556 4414 roetius
575 4354 634 4415 hoe
646 4363 735 4415 oiilern
754 4364 864 4416 videtur
882 4363 952 4415 libro
972 4364 996 4415 ll
1015 4365 1108 4417 tribui
1176 4371 1178 4375 ’
