2992 4996
474 358 699 408 onosssruvu
722 359 933 408 ensvamvu.
1215 342 1278 406 ‘267

134 518 301 603 reliquerit
322 517 358 579 in
381 517 531 598 corrupto
552 534 646 577 versu
668 511 866 578 Bacchidum
887 513 914 597 Ι,
933 515 968 596 ,1,
994 515 1034 578 14
1056 513 1123 597 (48)
1145 515 1201 578 se‘d
1221 518 1279 578 boe

134 637 211 695 idem
234 634 321 709 apud
342 647 396 691 nos
417 627 531 690 re'ctius
553 626 670 689 Pataris
691 645 799 703 apere:
836 636 926 705 atque
947 626 973 690 is
995 631 1065 690 dum
1088 632 1199 703 ueniat,
1234 647 1279 690 se-

133 749 206 806 dens
227 746 272 805 ibi
292 738 488 819 opperibere:
511 735 556 800 sie
579 735 675 818 enim,
699 742 750 813 ibi,
774 758 841 801 non
862 742 912 801 bie
935 758 1007 801 cum
1029 738 1153 821 ceteris,
1176 737 1279 802 Vetus

134 852 242 917 habet.
287 848 353 914 Vbi
385 854 491 913 sedens
523 867 583 911 nec
614 868 672 930 pro
694 846 879 932 pyrrhichio
901 870 970 912 asse
993 870 1054 913 nec
1076 871 1095 912 a
1117 849 1280 913 sententia

134 968 219 1029 sture
250 963 374 1047 potest3
409 980 471 1044 quo
504 957 590 1023 euim
612 956 806 1023 Pistoclerus
833 964 938 1024 sedeat
959 959 1184 1043 potissimum?
1220 981 1279 1044 pro

135 1097 198 1160 quo
221 1073 337 1138 saltem
359 1074 532 1135 accubendi
551 1069 715 1133 notionem
739 1074 972 1153 exspectamus.
1001 1069 1086 1134 Illud
1107 1071 1210 1156 igitur
1224 1071 1279 1135 du-

136 1186 239 1251 bitare
261 1182 329 1247 noli
351 1181 430 1266 quin
446 1179 623 1244 ludibunda
645 1179 735 1244 scioli
758 1202 857 1245 manu
880 1180 1078 1265 adscriptum
1101 1181 1159 1264 sit,
1183 1203 1280 1266 pepu-

136 1296 212 1360 lerit
226 1296 334 1358 autem
356 1291 440 1377 quod
461 1290 595 1354 Plautus
616 1294 777 1374 posuerat.
822 1291 869 1375 Id,
892 1296 930 1357 ut
952 1292 1097 1376 exemplo
1118 1295 1202 1374 utar,
1225 1314 1280 1376 po-

134 1407 200 1472 tuit
213 1403 279 1469 tale
296 1425 364 1468 esse
386 1415 478 1482 atque
499 1403 525 1466 is
546 1406 616 1466 dum
639 1409 749 1481 veniat,
769 1405 896 1482 piricide
916 1409 959 1468 ibi
979 1405 1172 1487 opperibere3
1194 1402 1280 1467 haud

138 1515 366 1602 paullotamen
378 1511 575 1596 probabilius
590 1534 722 1576 manum
744 1517 858 1596 poetae
881 1513 926 1579 sic
949 1535 1138 1598 recuperare
1161 1513 1280 1577 videbi-

135 1649 222 1691 mur:
271 1625 409 1704 atqueis
440 1629 511 1687 dum
544 1629 659 1701 ueniat,
699 1624 819 1688 interibi
846 1625 1031 1705 opperibere.
1077 1624 1224 1689 Eandem
1247 1628 1280 1688 et

137 1735 410 1802 constructionem
432 1737 464 1797 et
487 1733 729 1798 collocationem
751 1734 851 1799 habes
874 1735 1053 1801 Trinummi
1078 1735 1139 1819 ΙΙΙ,
1173 1736 1204 1819 3,
1238 1735 1280 1801 28

136 1848 226 1930 (757)
250 1851 328 1910 Dum
344 1847 463 1910 occisio
485 1851 515 1907 ei
534 1850 581 1908 rei
600 1848 785 1926 reperiatur,
810 1848 929 1913 interim
952 1854 996 1911 Ab
1019 1849 1117 1912 amieo
1139 1854 1282 1913 alicunde

136 1960 267 2023 mutuom
290 1956 447 2036 arpentum
469 1975 583 2034 rupem.
629 1955 711 2020 Item
734 1978 771 2020 ea
793 1957 1032 2042 significatione
1054 1964 1124 2024 dum
1139 1958 1280 2042 particu-

136 2068 199 2151 lae,
222 2089 285 2152 qua
308 2069 424 2150 aequat
445 2068 590 2129 nostram
613 2071 774 2140 wibrend,
809 2068 895 2133 Men.
918 2068 951 2152 Ι,
980 2072 1011 2153 3,
1035 2071 1074 2133 31
1099 2069 1188 2150 (214)
1211 2070 1281 2133 dum

137 2190 294 2258 coquetur,
318 2179 436 2241 interim
455 2179 644 2261 peribimus,
667 2177 737 2242 Mil.
760 2177 818 2262 IV,
842 2180 873 2263 6,
896 2179 937 2245 56
961 2181 1070 2261 (1271)
1095 2185 1172 2243 lium
1189 2191 1218 2243 te
1232 2181 1280 2244 o'b-

137 2301 251 2362 tuetur‚
274 2290 394 2352 interim
416 2294 553 2368 liupuam
576 2290 658 2352 oculi
674 2293 912 2373 praecide'runt3
949 2276 1039 2354 Trin.
1063 2289 1089 2372 l,
1116 2291 1145 2372 1,
1169 2289 1188 2353 8
1212 2287 1278 2370 (30)

136 2405 201 2465 Sed
231 2405 301 2464 dum
325 2401 373 2463 tar
392 2410 566 2477 aeprotant,
605 2400 725 2463 interim
747 2404 846 2464 more's
867 2407 970 2464 mali.
996 2449 1002 2463 .
1029 2450 1036 2464 .
1062 2449 1069 2465 .
1094 2419 1280 2465 succrevere.

136 2509 184 2575 Et
205 2509 348 2594 paullum
371 2509 494 2572 vanata
517 2509 694 2574 collocandi
716 2511 828 2573 ordine
849 2510 933 2574 Rud.
957 2509 1038 2594 prol.
1062 2511 1102 2574 37
1127 2513 1190 2573 Sed
1210 2514 1281 2573 dum

4 2613 5 2617 ¹
135 2625 216 2686 alios
236 2631 346 2714 seram,
370 2640 402 2684 se
422 2623 576 2699 impedivit
596 2621 731 2704 iuterim3
769 2620 871 2686 Stichi
893 2620 942 2702 ΙΙ,
967 2622 1004 2702 2,
1027 2619 1069 2684 43
1093 2619 1181 2703 (367)
1204 2622 1281 2683 Dim

133 2741 303 2812 percontor
330 2732 524 2811 portitores.
550 2780 557 2794 .
584 2781 603 2813 .,
636 2734 826 2810 conspicatus
857 2752 922 2796 sum
954 2735 1073 2795 interim
1098 2733 1280 2812 Ge'reurum3

135 2841 236 2907 tine.
263 2839 321 2924 IV,
360 2841 397 2923 2,
434 2842 546 2921 5Epo
574 2843 624 2906 iric
661 2845 782 2906 interim
811 2843 949 2906 restitrix
966 2843 1166 2922 praesidebo,
1206 2840 1282 2905 Istic

135 2958 213 3017 dum
241 2959 285 3016 sie
314 2954 418 3028 ficiat
439 2955 556 3016 domum
579 2954 671 3016 ridie
692 2956 879 3032 exapdpam:
907 2955 1002 3016 'recte
1025 2951 1111 3016 enim
1133 2952 1180 3015 ita
1202 2951 1282 3016 haec

135 3061 277 3126 Bothius
300 3062 477 3126 constituit.
523 3061 607 3125 Nam
629 3062 769 3147 nequid
792 3085 888 3145 erres,
912 3062 1037 3147 origine
1060 3085 1118 3126 sua
1139 3083 1206 3126 non
1222 3061 1281 3125 dif-

134 3173 226 3237 ferre
257 3176 381 3236 interibi
410 3175 443 3236 et
474 3178 592 3237 inierim
625 3173 744 3236 formas
777 3173 856 3236 satis
878 3172 972 3236 hodie
994 3172 1193 3236 intellectum
1217 3175 1280 3237 est:

136 3282 184 3347 ef.
208 3281 290 3347 blus.
313 3281 418 3345 Rhen.
445 3281 522 3347 Vlll
545 3305 576 3366 p.
599 3283 661 3347 488
686 3282 757 3346 coll.
782 3305 814 3366 p.
841 3283 905 3347 1572
921 3305 969 3367 sq.
994 3283 1068 3347 adn.
1085 3283 1116 3346 2.
1162 3282 1281 3346 Prioris

134 3395 248 3458 autem
279 3395 354 3476 post
376 3392 526 3457 Plautum
560 3396 606 3472 (et
628 3392 801 3456 Afranium
834 3416 863 3458 v.
895 3393 955 3458 138
978 3393 1032 3475 R.)
1066 3393 1173 3457 nullus
1206 3413 1281 3456 usus

134 3502 206 3568 fuit
226 3502 288 3566 nisi
311 3503 395 3586 apud
416 3502 610 3567 exoletorum
625 3506 794 3568 novatores
810 3502 948 3598 Gellium
963 3504 1228 3588 Appuleiumque.
1240 3541 1282 3551 —

135 3613 289 3678 Ceterum
312 3616 345 3677 et
367 3614 405 3677 de
426 3614 477 3678 his
499 3614 611 3678 formis
633 3618 666 3679 et
688 3616 726 3679 de
747 3623 865 3680 interea
888 3617 920 3678 et
942 3620 1092 3679 interdum
1107 3614 1185 3678 satis
1200 3614 1282 3677 mira

135 3726 238 3807 atque
269 3723 349 3787 adeo
381 3724 507 3788 veritati
540 3747 669 3808 prorsus
692 3727 854 3790 contraria
876 3725 1040 3789 obscurius
1055 3722 1157 3808 ‘quam
1182 3724 1281 3788 curio-

136 3834 207 3897 sius
241 3835 486 3898 eommentando
507 3833 719 3900 Doederlinus
742 3835 862 3919 Synon.
898 3839 930 3900 et
964 3840 1060 3918 etym.
1084 3833 1131 3898 IV
1164 3855 1195 3916 p.
1219 3833 1280 3897 271

135 3965 210 4027 sqq.
235 3943 337 4007 docet.
381 3943 479 4009 Velut
499 3967 657 4029 nusquam
680 3947 764 4031 apud
786 3945 936 4010 Plautum
958 3952 1076 4009 interim
1099 3946 1214 4027 aequat
1236 3951 1282 4008 in·

135 4058 263 4118 tardum
285 4052 458 4137 notionem,
482 4055 565 4139 quod
587 4078 670 4120 unus
692 4056 824 4121 suadere
847 4055 1036 4120 Truculenti
1051 4076 1160 4117 versus
1175 4052 1232 4136 IV,
1249 4054 1280 4135 4,

133 4163 182 4228 29
206 4162 308 4225 videri
329 4165 441 4246 potuit,
465 4165 520 4228 sed
543 4165 570 4228 is
593 4168 625 4229 et
647 4171 733 4231 certo
756 4170 922 4250 corruptus
946 4169 978 4230 et
999 4165 1093 4228 Festo
1108 4163 1188 4226 duce
1204 4164 1282 4249 (epi-

132 4278 250 4338 tomae
273 4293 304 4354 p.
329 4274 399 4356 111)
422 4297 488 4340 non
510 4276 615 4339 minus
638 4281 724 4341 certo
746 4278 793 4341 sic
823 4277 1052 4341 restituendus:
1096 4273 1147 4339 'Id
1165 4296 1284 4354 quoque

131 4390 234 4457 etiam
259 4383 450 4449 iniirduatim
473 4388 577 4450 nbmen
599 4391 895 4452 commemorabitur:
918 4409 1014 4480 quam
1035 4384 1162 4478 quidem
1177 4407 1282 4459 emen·
