2918 5004
510 374 547 423 11.
578 373 771 424 insonans.
1173 357 1217 426 35

4 590 5 594 ,
112 529 226 615 lheilang
239 529 389 594 Morelli’a
411 529 462 593 die
483 533 568 594 erate
582 529 697 592 Kuude
720 551 758 592 zu
781 528 885 614 geben
907 529 1050 612 glaubte,
1074 530 1125 594 die
1140 531 1218 595 aber

2 692 4 697 Α
114 662 155 703 aas
171 641 321 705 derselben
344 639 455 715 Quellc
483 638 596 724 liingst
622 638 737 703 vorher
758 638 874 702 Harles
902 640 1105 704 verzeichnet
1126 641 1216 705 hatte

5 737 6 749 ³
114 750 200 814 indeu
219 750 377 836 Supplem.
406 750 446 814 ad
474 751 560 814 brer.
585 750 679 814 notit.
702 750 765 813 litt.
789 749 881 814 Rom.
898 749 931 813 ΙΙ
953 773 984 834 p.
1006 751 1080 816 483.
1120 751 1216 817 Denn

115 858 257 926 desedisse
278 861 449 946 Ausgabe,
471 882 535 924 von
557 860 613 923 der
634 860 797 925 vielleicht
818 861 876 924 das
899 861 1023 944 eiuzige
1045 861 1219 947 Exemplar
1237 875 1283 923 181

4 1018 5 1022 ,
115 968 140 1031 in
156 969 279 1056 Venedig
300 972 397 1057 tibrig
418 973 476 1054 ist,
506 972 695 1036 erschienen
718 971 787 1034 sein
809 970 919 1053 sollte,
949 970 996 1034 als
1018 994 1094 1037 man
1117 973 1216 1037 schon

116 1078 160 1141 alle
176 1083 304 1167 manaig
325 1081 445 1146 Stdcke
466 1082 501 1145 in
524 1081 722 1166 gedruclrten
745 1080 961 1164 Exemplaren
983 1083 1107 1165 besaas,
1132 1089 1217 1147 witra

116 1209 192 1273 gagen
220 1192 276 1257 alle
303 1191 577 1277 typographische
605 1191 780 1276 Analogie3
808 1191 873 1254 und
902 1191 1056 1257 Vindelin
1085 1192 1217 1257 druckte

116 1297 188 1364 sehon
205 1304 258 1366 seit
274 1304 355 1367 1469
377 1303 412 1365 in
427 1301 585 1387 Venedig.
601 1338 604 1344 ·
622 1301 729 1366 Ueber
743 1301 891 1366 Merula’s
907 1304 1106 1387 ausgabew)
1131 1304 1216 1386 aber,

117 1406 152 1469 dic
168 1412 350 1494 gewbhnlich
372 1410 576 1476 achlechthin
598 1414 644 1476 als
660 1412 810 1496 princeps
830 1412 1019 1477 bezeichnet
1034 1413 1123 1497 wird,
1147 1414 1219 1498 gibt

117 1515 153 1579 die
169 1521 488 1588 danlenswerthesten
505 1522 715 1587 Aufachlasse
732 1523 783 1587 die
799 1523 908 1587 bisher
922 1545 1006 1609 ganz
1022 1523 1219 1588 nnbeachtet

117 1627 265 1707 gabliebeue
286 1634 439 1698 Vorrede.
484 1634 523 1697 Iu
550 1633 654 1697 dieser
681 1633 774 1719 klagt
802 1656 836 1698 er
858 1637 964 1698 zuerst
989 1634 1065 1699 [lber
1087 1634 1138 1698 die
1160 1657 1218 1698 un-

1 1810 3 1821 s
117 1742 246 1816 geneinen
261 1744 557 1828 Schwierigkeiten,
581 1743 631 1807 die
654 1743 723 1807 sich
745 1744 817 1807 dem
833 1745 1138 1829 entgegenstellten,
1163 1745 1219 1808 der

117 1842 233 1917 darolle
258 1855 321 1919 den
343 1854 476 1918 Plautus
505 1862 753 1939 ‘recognoscere
782 1857 814 1918 et
837 1856 1012 1940 corrigere,
1044 1855 1141 1919 immo
1164 1856 1218 1919 ab·

116 1951 164 2020 dila
181 1967 206 2026 et
223 1965 365 2049 pluribus
379 1965 529 2050 ignorata
544 1965 669 2049 aperire
677 1972 698 2046 '‚
722 1965 787 2028 und
802 1964 892 2029 fahrt
908 1966 995 2029 dann
1011 1965 1091 2029 fort:
1117 1965 1219 2029 ‘Nam

115 2066 142 2125 ul
158 2068 187 2133 de
202 2080 266 2140 octo
280 2076 439 2160 prioribus
455 2080 590 2157 taceam,
614 2075 684 2160 quis
700 2074 866 2139 duodecim
882 2074 1068 2161 Comoedias
1083 2076 1218 2161 quadra·

111 2172 182 2259 ,8th
200 2185 310 2250 abhinc
333 2187 428 2250 annis
451 2189 594 2271 repertas
610 2185 756 2249 lectionis
771 2190 841 2249 tum
856 2187 1007 2250 confusae
1022 2189 1090 2249 tum
1105 2186 1218 2269 salsae,

113 2277 243 2359 duodecim
257 2296 407 2361 Herculis
429 2297 591 2360 aerumnis
614 2296 697 2380 apud
719 2300 830 2380 poetas
854 2296 1054 2381 famigeratio
1070 2297 1139 2360 iure
1154 2318 1220 2359 non

112 2406 335 2482 comparaverit?
369 2406 401 2470 in
432 2406 547 2491 quibus
576 2406 773 2491 corrigendis
800 2427 931 2490 operam
958 2409 1053 2488 atque
1082 2405 1221 2469 studium

108 2494 238 2581 illslunera
258 2517 352 2599 velle,
377 2521 521 2581 monstra
543 2517 689 2601 persequi
705 2520 801 2600 atque
816 2515 976 2579 debellare
990 2514 1221 2599 quodammodo

104 2614 162 2676 ‘lh'
199 2626 233 2691 ln
254 2628 310 2692 der
325 2626 608 2713 geschmacklosen
624 2625 879 2710 Durchfiihrung
893 2625 998 2690 seiuea
1013 2624 1222 2710 Vergleiohes

99 2709 205 2800 ln31¹11nt
223 2738 310 2802 dann
332 2759 406 2802 vor:
434 2737 552 2801 ‘Porro
581 2759 650 2800 cum
679 2759 739 2801 nec
766 2740 894 2802 tantum
922 2735 1078 2821 dictiones
1105 2735 1221 2800 exami-

93 2839 221 2942 lfffldae,
249 2849 304 2912 sed
327 2848 492 2912 litterae
520 2851 636 2932 atque
659 2847 841 2931 syllabae
871 2846 1133 2931 pensitandae
1155 2847 1221 2909 fue-

86 2945 152 3007 ΠΜ
174 2961 262 3043 atque
284 2958 537 3041 enumerandae,
567 2961 604 3022 ut
626 2979 669 3021 ex
693 2979 824 3021 earum
846 2958 981 3041 positu
1003 2956 1063 3020 vel
1085 2956 1222 3040 figura

80 3041 233 3145 aliquid
255 3068 317 3133 vel
339 3091 470 3133 verum
493 3068 554 3132 vel
576 3089 669 3132 vero
687 3069 903 3152 proximum
924 3087 1222 3150 aucuparemnr,

72 3164 142 3227 ‘3¹¹0
159 3177 355 3263 deprehenso
371 3179 512 3264 undique
528 3180 630 3242 multa
646 3182 851 3261 erumperent
866 3176 915 3240 vel
930 3177 1034 3261 magia
1051 3177 1223 3260 aperienda

62 3266 126 3392 (Ἣ
151 3289 247 3366 plane
270 3290 485 3354 confutanda’
509 3312 539 3353 u.
557 3311 582 3353 s.
599 3311 639 3352 w.
678 3288 738 3352 Die
755 3287 957 3371 Hauptstclle
973 3287 1048 3350 aber
1063 3287 1106 3350 ist
1122 3286 1223 3350 diese:

81 3363 161 3452 His
184 3400 328 3464 omnibns
351 3400 475 3464 accedit
497 3421 597 3464 unum
619 3403 748 3463 tantum
770 3398 868 3461 fuisse
890 3397 1024 3479 librum,
1049 3419 1067 3459 a
1089 3418 1151 3480 quo
1174 3418 1223 3459 ve·

73 3488 122 3549 ut
152 3511 326 3594 archetypo
355 3510 463 3576 omnia
494 3509 631 3573 deducta
658 3513 736 3572 sunt
762 3530 843 3592 quae
871 3507 1032 3571 habentur
1059 3507 1224 3590 exempla3

51 3598 127 3664 qul
158 3621 239 3684 siin
262 3640 378 3684 manus
401 3624 527 3684 nostras
551 3619 658 3705 aliqua
680 3621 733 3683 via
755 3620 864 3683 venire
886 3618 1059 3701 potuisset,
1090 3614 1225 3680 Bacchi·

70 3720 151 3813 ,⁹⁸2
188 3730 387 3813 Mustelam,
417 3730 639 3812 Menaechini,
664 3730 756 3793 Miles
780 3733 874 3813 atque
896 3728 1057 3792 Mercator
1078 3726 1249 3791 emenda--

62 3833 182 3902 'oles
202 3863 278 3905 sane
301 3841 507 3905 haberentur.
545 3839 682 3924 Nauqne
705 3841 740 3903 in
763 3839 812 3922 his
835 3837 1101 3922 recognoscendis
1124 3837 1224 3899 libros

50 3974 102 3999 N

104 3999 281 4031 ΧἉ-,..-.

48 4169 79 4227 P
148 4130 196 4193 20)
221 4128 314 4198 Vollig
339 4146 390 4183 ans
416 4129 466 4183 der
488 4127 554 4182 Luft
579 4127 717 4197 gegriffen
744 4125 881 4180 erschcint
903 4124 948 4177 die
971 4121 1159 4189 Bahauptung
1181 4117 1226 4174 bei

80 4197 226 4275 abVicina
243 4222 314 4275 Bibl.
333 4223 382 4276 lat.
403 4223 415 4275 l
434 4241 460 4290 p.
483 4230 513 4276 15
531 4222 605 4287 Ern,
635 4221 684 4274 das
703 4220 742 4274 sie
761 4238 810 4274 aus
829 4220 919 4273 cinern
937 4215 1111 4270 Florentiuer
1128 4213 1224 4268 Mann-

50 4284 174 4372 *erim
194 4315 368 4383 abgedruclrt
390 4315 438 4369 sei.
475 4313 677 4383 [Verrunthlioh
705 4313 749 4366 ein
771 4310 1027 4374 Miaveratltndniss‚
1053 4310 1104 4361 auf
1127 4308 1226 4362 dessen

55 4376 348 4462 wa‘hrachainliohen
367 4408 467 4461 Aulass
485 4408 604 4484 Proleg3
614 4426 640 4475 p.
662 4407 747 4460 XLVI
765 4406 954 4473 hingcwieaen
972 4401 1106 4468 worden]

994 4489 1037 4554 3*
