2946 5010
229 321 293 384 428
587 337 803 398 vuarnoqvm
826 337 1012 385 rnavrrru.

231 493 301 577 quis
324 495 372 556 est
394 492 479 555 enim
502 492 571 575 qui,
595 496 765 576 postquam
787 491 826 556 de
848 498 986 570 turpare
1006 493 1085 557 satis
1109 496 1251 575 constat,
1275 494 1361 558 aliam

230 604 265 667 in
280 606 404 687 partem
425 603 656 688 interpretetur
676 603 881 667 Ambrosiani
904 602 1021 667 codicis
1035 604 1071 667 in
1082 603 1263 668 Trinummi
1278 627 1362 670 versu

231 715 272 779 70
293 715 480 779 memoriam
502 732 610 780 onrvs
627 749 634 764 ·
652 750 659 762 ·
676 732 736 797 nu,
761 715 823 778 uisi
846 717 882 778 ut
904 713 1017 798 duas,
1041 737 1176 800 quarum
1197 716 1302 801 spatia
1315 716 1361 780 ob-

230 828 357 891 servata
379 831 466 909 sunt,
487 824 613 890 litteras
635 825 735 923 fuisse
757 842 794 890 lo
818 825 1026 908 concedat:*)

314 983 449 1043 Nemdst.
478 983 557 1053 Quid
580 987 615 1043 tu
637 985 732 1061 igitur
753 985 876 1061 rogitas,
901 986 969 1043 tene
992 984 1181 1062 obiurigem‘?

230 1131 294 1196 Vbi
316 1131 534 1195 insolentioris
555 1132 678 1196 formae
706 1132 869 1217 ignoratio
892 1131 1012 1196 similes
1034 1132 1239 1197 librariorum
1261 1136 1361 1199 turbas

231 1243 351 1306 creavit
384 1246 479 1326 atque
507 1243 542 1306 in
569 1256 726 1322 necentur
752 1242 808 1306 illo
836 1243 959 1307 factum
988 1264 1056 1306 esse
1090 1265 1188 1327 supra
1221 1246 1360 1309 vidimus:

174 1368 212 1419 vu
231 1352 359 1439 quando
381 1358 586 1432 adiumentum
607 1352 709 1417 Vetus
731 1353 840 1436 habet,
864 1359 1022 1433 obruerem
1042 1352 1224 1419 Vaticanus
1243 1378 1286 1419 m.
1308 1378 1360 1439 pr.‚

229 1471 407 1545 obuirpitem
434 1462 644 1529 Decurtatus:
676 1464 765 1528 ‘unde
792 1465 828 1528 in
854 1467 1004 1548 promptu
1033 1468 1102 1530 erat
1124 1465 1165 1528 ad
1189 1471 1362 1531 consuetam

231 1575 354 1641 scilicet
380 1575 601 1639 iterativorum
629 1575 812 1660 analogiam
838 1577 1022 1639 revocatum
1044 1575 1177 1640 verbum
1198 1577 1362 1660 procudere

230 1693 417 1766 obiurqitem.
462 1684 585 1750 Rursus
619 1689 741 1769 autem,
776 1686 803 1750 si
835 1686 896 1751 hoe
928 1706 1020 1750 versu
1051 1691 1217 1766 obiuriqem
1245 1688 1364 1771 scripsit

230 1797 373 1879 Plautus
398 1795 576 1860 eundemne
597 1797 649 1861 vel
671 1797 811 1881 potuisse
827 1803 1004 1877 obiurqr'tem
1026 1818 1145 1881 ponere
1162 1797 1285 1862 duobus
1306 1785 1364 1862 ver·

230 1908 317 1971 sibus
341 1910 416 1971 ante
440 1907 603 1971 credemus
625 1907 660 1972 in
682 1911 776 1972 tanta
792 1909 1024 1973 sententiarum
1045 1909 1186 1973 invicem
1208 1909 1272 1973 sibi
1293 1909 1363 1974 rela-

229 2021 335 2084 tarum
357 2018 613 2103 propinquitate:
693 2021 699 2034 '

1077 2159 1151 2219 Oen.
1175 2161 1255 2231 Quid
1270 2162 1367 2223 venis?

314 2247 398 2308 Mea.
421 2246 510 2306 Malis
532 2248 562 2304 to
583 2249 618 2304 ut
639 2247 738 2306 verbis
758 2246 862 2305 multis
884 2246 1014 2304 multum
1036 2246 1279 2324 obiurgitem.

316 2332 389 2392 Cen.
412 2331 504 2390 Men?
539 2333 623 2392 Mne.
646 2332 789 2407 numquis
805 2335 850 2391 est
864 2331 913 2390 hic
929 2331 1005 2389 alius
1020 2334 1139 2406 praeter
1153 2352 1201 2391 me
1218 2336 1309 2409 atque
1323 2332 1368 2391 tc?

316 2417 389 2478 Cau.
408 2418 544 2477 Nemost.
567 2418 650 2478 Mae.
668 2417 741 2492 quid
757 2418 791 2475 tu
806 2417 901 2494 igitur
915 2417 1039 2494 rogitas,
1056 2420 1124 2475 tene
1141 2417 1369 2496 obiurigam‘?

230 2585 337 2668 Atque
360 2605 401 2648 ne
425 2585 530 2647 exstat
557 2582 684 2666 quidem
712 2581 766 2646 hic
793 2583 828 2646 in
850 2580 1009 2645 Palatinis
1036 2579 1128 2644 libris
1151 2580 1371 2669 Vaticanoquc

230 2693 502 2779 quadrisyllabum
524 2692 729 2775 vocabulum,
759 2691 842 2776 quod
865 2691 1066 2757 Camerarius
1088 2691 1216 2756 demum
1239 2693 1371 2776 invexit,

231 2804 286 2868 sed
315 2804 355 2868 ad
381 2804 550 2867 veritatem
577 2803 708 2887 propius
736 2804 890 2867 accedens
923 2803 1028 2886 ipsum
1057 2801 1193 2885 simplex
1222 2809 1373 2884 obtorpeat

232 2913 296 2998 (vel
322 2919 488 2994 otuirpem)
518 2913 659 2978 verbum.
712 2913 829 2990 Quodsi
856 2913 1040 2977 iterativum
1067 2913 1207 2977 formam
1236 2914 1282 2978 ibi
1317 2917 1374 2979 visi

231 3045 339 3087 sumus
359 3024 395 3087 iu
411 3023 623 3088 Ambrosiano
646 3025 764 3110 legere,
789 3027 844 3088 aut
864 3024 958 3088 aliter
978 3024 1124 3106 peccavit
1144 3022 1198 3088 hio
1214 3023 1374 3109 librarius,

232 3136 288 3198 aut
310 3133 428 3219 aliquid
450 3135 651 3219 peccavimus
674 3136 747 3220 ipsi,
771 3138 857 3199 recte
879 3137 1030 3219 quattuor
1051 3156 1108 3218 pro
1123 3133 1228 3198 tribus
1244 3135 1377 3219 syllabis

232 3244 402 3329 expiscati,
432 3267 498 3310 non
521 3249 607 3310 reete
629 3246 702 3311 illas
726 3263 944 3311 ossrvssorrnn
974 3267 1033 3329 pro
1056 3232 1255 3310 ostvalonn
1277 3246 1377 3311 inter-

231 3355 360 3439 pretati.
495 3354 509 3373 ‘

316 3465 415 3531 laetis
448 3466 685 3533 fundamentis
700 3471 917 3552 superstruere
950 3466 1027 3532 licet
1059 3487 1140 3551 quae
1175 3467 1315 3532 eandem
1345 3469 1379 3533 in

232 3579 356 3662 partem
378 3577 489 3641 valens
511 3578 580 3642 sine
603 3579 794 3644 testimoniis
817 3578 1020 3645 ratiocinatio
1042 3577 1150 3642 addat.
1193 3576 1267 3641 Duo
1292 3579 1381 3643 enim

232 3709 340 3752 versus
369 3690 459 3771 srmt,
491 3689 605 3753 misere
635 3689 739 3754 claudi
766 3689 878 3774 vulgo,
913 3689 966 3773 qui
995 3711 1060 3752 una
1086 3688 1211 3752 inserta
1234 3695 1247 3752 ι’
1267 3688 1381 3754 littera

232 3798 298 3863 talo
323 3798 457 3862 stabunt
481 3800 675 3883 rectissimo,
704 3799 902 3864 Bacchidem
931 3799 1013 3863 1020
1040 3801 1073 3863 et
1099 3798 1295 3863 Mercatoris
1321 3800 1380 3866 46:

317 3940 365 3999 Me
388 3941 572 4019 obiurigavit
594 3942 742 4018 plurumis
765 3941 864 4001 verbis
887 3941 984 4000 malis.

318 4025 496 4103 Obidrigaro
518 4030 605 4102 ptter
626 4029 698 4087 haee
719 4030 822 4086 noctes
846 4029 877 4085 et
899 4026 971 4086 dies.

301 4277 326 4343 *)
352 4275 418 4346 [Eas
439 4275 548 4332 litteras
570 4277 646 4347 ipsas
665 4275 718 4331 sibi
736 4276 897 4348 apparuisse
916 4261 1123 4330 Studemundue
1140 4273 1264 4329 testatur
1283 4275 1301 4330 l
1322 4296 1342 4330 s
1362 4296 1381 4331 s.

232 4385 260 4439 p.
279 4367 351 4438 585]
