2946 5010
203 287 266 352 382
342 361 348 369 ,
490 304 730 364 Qvausrromrs
753 303 1058 353 roroonarnrcan.
1125 357 1126 361 Ἴ

204 457 343 521 Carina:
377 459 454 522 item
483 447 606 523 omisit'
619 459 753 523 illustris
776 457 873 523 Vrbis
903 460 1070 521 enarrator
1092 454 1265 522 Bunsenus
1288 459 1349 545 Eq.

202 569 236 632 in
260 568 370 634 Descr.
394 568 515 634 Romae
542 569 558 634 Ι
581 593 612 654 p.
636 571 715 653 640,
740 568 947 651 Strabonisr)
970 568 1184 651 potissimum,
1208 571 1244 632 ut
1266 570 1352 635 vide·

202 683 271 762 tur,
305 680 495 744 auctoritate
518 680 672 764 confisus,
702 680 755 764 qui
778 679 818 764 V,
843 681 861 744 7
884 702 916 763 p⁴
940 680 1004 745 234
1029 678 1100 743 Cas.
1126 680 1280 744 continuo
1302 703 1353 745 or-

202 791 276 855 dine
306 789 364 853 has
397 813 430 855 se
461 794 527 854 tres
549 795 659 875 portas
681 790 809 875 aggeris
833 790 977 855 Serviani
1011 788 1172 873 excepisse
1195 795 1352 857 testatur:

203 901 376 984 Collinam,
401 901 611 984 Viminalem,
635 900 846 984 Esquilinam.
892 900 1026 964 Factum
1047 899 1161 964 laudo:
1195 901 1249 964 sed
1274 903 1352 987 quid

201 1014 266 1075 iam
281 1011 381 1075 Metia
402 1012 459 1074 illa
481 1010 632 1075 Plautina
654 1011 734 1075 fiat?
756 1011 794 1074 de
816 1034 879 1095 qua
901 1010 985 1074 unde
1006 1010 1147 1092 tandem,
1172 1033 1235 1094 quo
1257 1035 1352 1095 quae·

201 1122 284 1185 renti
308 1121 387 1185 satis
415 1122 482 1204 fiat,
507 1125 608 1205 petas,
633 1121 660 1185 si
682 1121 842 1185 uberrima
864 1121 1088 1204 Descriptione
1111 1121 1309 1185 destituare?
1397 1170 1401 1183 .

285 1232 398 1316 Itaque
425 1234 461 1295 ut
493 1233 647 1296 radicitus
669 1232 804 1296 Metium
826 1232 904 1296 illud
928 1235 1142 1294 commentum
1164 1234 1197 1294 et
1220 1254 1237 1295 e
1260 1237 1352 1316 topo-

201 1343 338 1428 graphia
360 1343 456 1407 Vrbis
489 1345 521 1405 et
549 1365 566 1405 e
588 1342 745 1406 Plautinis
773 1343 891 1406 fabulis
907 1341 1106 1405 evellamus:
1135 1343 1188 1425 qui
1217 1343 1351 1407 tandem

89 1450 92 1455 ’
200 1458 250 1517 tot
278 1454 386 1519 doctos
415 1454 450 1517 in
477 1475 533 1517 suo
556 1475 673 1538 genere
695 1453 839 1517 homines
861 1454 974 1538 fugere
996 1453 1116 1537 potuit,
1150 1473 1218 1516 non
1244 1475 1348 1538 posse,

200 1588 280 1648 (luae
296 1566 329 1628 in
346 1564 503 1628 Pseudulo
519 1565 638 1628 Motis
654 1567 746 1647 esset,
770 1563 931 1628 Metiam
946 1584 1014 1626 esse
1030 1563 1063 1626 in
1081 1562 1225 1627 Casina?
1248 1565 1349 1627 multo

200 1680 306 1738 autem
339 1676 445 1738 minus
468 1681 608 1739 Macetae
636 1674 731 1738 alicui
765 1674 867 1738 locum
893 1674 928 1738 in
951 1673 1101 1737 Pseuduli
1129 1694 1225 1737 versu
1255 1661 1348 1738 esse?

201 1785 344 1849 Haecine
367 1807 482 1869 susque
510 1785 610 1868 deque
632 1785 792 1848 habentur
813 1785 967 1869 impune?
1010 1784 1065 1867 At,
1099 1784 1221 1868 inquit,
1247 1785 1273 1848 si
1298 1807 1347 1849 su-

201 1899 310 1978 specta
339 1902 388 1958 est
419 1895 453 1958 in
476 1895 593 1959 Casina
615 1895 733 1960 Metiae
760 1900 871 1979 portae
894 1894 1168 1976 commemoratio,
1198 1896 1254 1978 qui
1277 1917 1347 1959 cam

201 2006 358 2089 expellere
392 2030 408 2068 e
437 2005 595 2069 Pseudulo
628 2007 770 2069 alcimum
801 2005 961 2069 inducas?
1004 2004 1098 2068 Vnde
1130 2005 1158 2067 si
1190 2007 1346 2069 removeri

200 2138 264 2180 non
287 2116 443 2201 potuerit,
468 2117 585 2200 quippe
608 2138 688 2200 (puae
712 2117 792 2180 nihil
819 2117 990 2200 quicquam
1015 2115 1060 2178 ibi
1082 2115 1270 2178 offensionis
1293 2116 1347 2178 ha-

200 2227 290 2307 beat,
324 2226 378 2310 qui
411 2248 482 2290 eam
514 2228 644 2290 omnino
667 2231 871 2310 sportarum
892 2247 1024 2290 numero
1049 2224 1166 2288 tolles?
1188 2225 1347 2289 —Itane

201 2337 298 2401 vero?
342 2336 428 2413 Quae
460 2360 534 2402 vero
556 2360 611 2401 vos
634 2339 718 2401 mala
744 2360 820 2401 cmx
854 2337 937 2423 egit,
971 2341 1007 2400 ut
1038 2358 1080 2399 ne
1100 2334 1196 2399 Parei
1219 2336 1346 2419 quidem

199 2449 298 2531 copiis
320 2448 474 2533 inspectis
489 2456 608 2513 medinm
623 2449 836 2532 opinaremini
850 2448 1001 2513 librorum
1025 2448 1091 2510 sive
1113 2446 1258 2510 omnium
1281 2449 1347 2511 sive

198 2559 396 2641 quorundam
419 2560 485 2624 sive
508 2561 698 2642 optimorum
726 2560 917 2644 scripturam
939 2580 1017 2640 esse,
1048 2579 1130 2641 quae
1151 2578 1242 2620 mera
1264 2558 1346 2622 anti·

197 2668 422 2751 quissimorum
445 2673 628 2734 coniectura
651 2671 861 2754 editomm**)
881 2668 1021 2753 prodiit?
1048 2666 1165 2730 Nullus
1188 2671 1238 2731 est
1260 2669 1345 2733 enim

198 2800 255 2841 ms.
280 2779 361 2842 liber
387 2784 590 2864 quantumvis
618 2781 720 2844 malus
750 2781 799 2845 vel
829 2780 1056 2864 interpolatus,
1092 2777 1170 2863 quin
1193 2779 1292 2862 plane
1314 2784 1346 2842 ct

198 2890 363 2970 perspicue
386 2891 541 2974 scriptum
563 2899 723 2956 mistiam
745 2893 914 2975 praebeat:
937 2911 997 2954 nec
1017 2889 1180 2972 discrepat
1194 2889 1346 2972 princeps

198 2996 304 3062 editio.
350 3001 473 3083 Ecquid
496 3005 602 3065 autern
624 3002 773 3087 displicet
793 3004 828 3067 in
849 3003 910 3066 hcc
932 3022 1023 3065 versu
1046 2998 1213 3063 Pseuduli:

240 3138 304 3196 Iam
319 3140 367 3198 hic
383 3161 446 3200 ero:
470 3163 572 3202 verum
588 3146 671 3202 extra
690 3148 809 3219 portam
830 3145 878 3202 mi
901 3144 1010 3201 ctiam
1026 3142 1237 3201 currendumst
1252 3143 1346 3217 prius.

197 3270 265 3345 Quo
294 3271 377 3336 nihil
403 3273 438 3336 in
461 3273 646 3363 Plautinum
669 3298 846 3340 sermonem
868 3297 935 3340 csse
959 3257 1201 3338 convenientius
1224 3278 1344 3356 potest.

198 3383 317 3446 Actum
350 3388 399 3446 est
431 3384 529 3469 igitur
558 3386 596 3449 de
629 3409 666 3450 eo
700 3388 843 3472 exemplo
870 3387 952 3471 quod
985 3385 1163 3470 suspitione
1190 3385 1346 3449 vaeabet:

264 3591 289 3658 *)
308 3592 407 3657 διόπερ
424 3591 536 3657 τάφρον
556 3595 669 3656 βαθεῖαν
687 3593 836 3659 operasse<
855 3592 894 3647 εἰ(
907 3593 942 3646 τὸ
960 3593 1042 3645 ἐντὸ(
1061 3592 1195 3646 ἐδέξαντο
1214 3596 1273 3660 τὴν
1290 3599 1345 3662 γῆν

198 3686 241 3738 καὶ
260 3685 399 3740 ἐξέτειναν
417 3686 485 3738 δεον
504 3685 663 3738 ἑξαττάδιον
681 3691 762 3752 χῶμα
780 3688 825 3740 ἐπὶ
843 3693 878 3754 τῇ
897 3687 978 3740 ἐντὸς
997 3686 1084 3752 ὀφρύι
1102 3690 1154 3751 τῆ(
1167 3687 1285 3754 τάφρου
1299 3692 1344 3741 καὶ

196 3780 334 3843 ἐπέβαλον
351 3784 443 3844 τεῖχος
462 3781 507 3832 καὶ
527 3780 651 3846 πύργου(
670 3779 728 3832 ἀπὸ
746 3785 797 3846 τῆ(
814 3780 947 3834 Κολλίνα(
966 3780 1056 3846 πύλη(
1076 3780 1156 3845 μέχρι
1174 3785 1228 3846 τῆ(
1250 3782 1347 3836 Ἠεκυ·

197 3873 285 3925 λίναε·
311 3874 367 3926 ὑπὸ
392 3874 465 3941 μέεῳ
489 3874 518 3925 δὲ
541 3878 583 3941 τῷ
607 3874 715 3938 χώματι
737 3873 817 3941 τρίτη
837 3875 893 3927 ἐετί
912 3874 988 3940 πύλη
1007 3873 1159 3939 ὁμώνυμα(
1180 3880 1223 3942 τῷ
1245 3876 1348 3943 Οὐιμε-

197 3966 284 4034 vallus
303 3968 395 4034 λόφῳ.
421 3966 500 4030 Quod
519 3966 632 4034 quidem
649 3965 838 4019 testimonium
856 3983 911 4019 non
929 3965 1132 4019 miror-Pialeia
1153 3969 1194 4033 (et
1212 3984 1281 4022 cum
1299 3970 1348 4023 illo

196 4075 228 4110 cx
248 4059 324 4112 Italis
349 4060 540 4128 archaeclogis
563 4061 680 4114 sortasse
699 4060 768 4113 alios
786 4061 857 4113 bene
876 4060 988 4127 multos)
1009 4059 1038 4111 in
1062 4076 1125 4113 eam
1148 4063 1266 4128 partem
1285 4081 1347 4116 rer·

196 4151 269 4218 tisse,
288 4155 392 4206 utnon
410 4153 517 4208 excludi
535 4153 652 4207 aliarum
672 4155 816 4224 portarum
834 4153 1018 4208 accessionem
1036 4153 1152 4207 diceret.

263 4247 304 4312 *tl
327 4247 470 4314 Saraceni,
489 4252 520 4301 ut
538 4248 658 4302 videtur:
689 4248 743 4301 nis‘i
761 4249 832 4302 sorte
851 4247 960 4314 Vallae,
981 4247 1058 4300 cuius
1076 4265 1151 4300 uunc
1168 4266 1227 4302 non
1248 4253 1293 4304 est
1311 4252 1347 4306 ad

196 4355 293 4391 innuas
311 4341 530 4395 cormnentarins.
