<?xml version="1.0" encoding="UTF-8"?>
<!DOCTYPE html PUBLIC "-//W3C//DTD XHTML 1.0 Transitional//EN"
    "http://www.w3.org/TR/xhtml1/DTD/xhtml1-transitional.dtd">
<html xmlns="http://www.w3.org/1999/xhtml" xml:lang="en" lang="en">
 <head>
  <title>
</title>
<meta http-equiv="Content-Type" content="text/html;charset=utf-8" />
  <meta name='ocr-system' content='tesseract 3.04.00' />
  <meta name='ocr-capabilities' content='ocr_page ocr_carea ocr_par ocr_line ocrx_word'/>
</head>
<body>
  <div class='ocr_page' id='page_1' title='image "./fridericiritsch00wachgoog/fridericiritsch00wachgoog_0445.png"; bbox 0 0 2946 5010; ppageno 0'>
   <div class='ocr_carea' id='block_1_1' title="bbox 219 281 1061 347">
    <p class='ocr_par' dir='ltr' id='par_1_1' title="bbox 219 281 1061 347">
     <span class='ocr_line' id='line_1_1' title="bbox 219 281 1061 347; baseline 0.001 -3"><span class='ocrx_word' id='word_1_1' title='bbox 219 281 283 344; x_wconf 84' lang='lat'>414</span> <span class='ocrx_word' id='word_1_2' title='bbox 533 297 580 344; x_wconf 84' lang='lat' dir='ltr'>nu</span> <span class='ocrx_word' id='word_1_3' title='bbox 603 296 819 345; x_wconf 74' lang='lat' dir='ltr'>lsasuusro</span> <span class='ocrx_word' id='word_1_4' title='bbox 842 295 1061 347; x_wconf 74' lang='lat' dir='ltr'>lcnosmcuo</span> 
     </span>
    </p>
   </div>
   <div class='ocr_carea' id='block_1_2' title="bbox 215 449 1375 4188">
    <p class='ocr_par' dir='ltr' id='par_1_2' title="bbox 215 449 1375 4188">
     <span class='ocr_line' id='line_1_2' title="bbox 219 449 1371 536; baseline 0.001 -22"><span class='ocrx_word' id='word_1_5' title='bbox 219 451 278 515; x_wconf 87' lang='lat' dir='ltr'>bus</span> <span class='ocrx_word' id='word_1_6' title='bbox 306 450 372 535; x_wconf 89' lang='lat' dir='ltr'>legi</span> <span class='ocrx_word' id='word_1_7' title='bbox 400 450 547 515; x_wconf 89' lang='lat' dir='ltr'>audierit.</span> <span class='ocrx_word' id='word_1_8' title='bbox 592 449 693 526; x_wconf 85' lang='lat' dir='ltr'>Quem</span> <span class='ocrx_word' id='word_1_9' title='bbox 723 451 861 535; x_wconf 91' lang='lat' dir='ltr'>primum</span> <span class='ocrx_word' id='word_1_10' title='bbox 889 451 935 515; x_wconf 89' lang='lat' dir='ltr'>sic</span> <span class='ocrx_word' id='word_1_11' title='bbox 968 451 1123 535; x_wconf 72' lang='lat' dir='ltr'>pervertit</span> <span class='ocrx_word' id='word_1_12' title='bbox 1150 450 1304 536; x_wconf 82' lang='lat' dir='ltr'>Pylades:</span> <span class='ocrx_word' id='word_1_13' title='bbox 1336 457 1371 515; x_wconf 80' lang='lat' dir='ltr'>id</span> 
     </span>
     <span class='ocr_line' id='line_1_3' title="bbox 220 561 1369 646; baseline 0 -21"><span class='ocrx_word' id='word_1_14' title='bbox 220 568 291 626; x_wconf 82' lang='lat' dir='ltr'>dum</span> <span class='ocrx_word' id='word_1_15' title='bbox 318 582 421 626; x_wconf 84' lang='lat' dir='ltr'>servas</span> <span class='ocrx_word' id='word_1_16' title='bbox 448 567 523 626; x_wconf 79' lang='lat' dir='ltr'>lero</span> <span class='ocrx_word' id='word_1_17' title='bbox 550 570 680 646; x_wconf 78' lang='lat' dir='ltr'>amanti,</span> <span class='ocrx_word' id='word_1_18' title='bbox 709 563 756 625; x_wconf 91' lang='lat' dir='ltr'>ita</span> <span class='ocrx_word' id='word_1_19' title='bbox 786 565 893 625; x_wconf 88' lang='lat' dir='ltr'>autem</span> <span class='ocrx_word' id='word_1_20' title='bbox 915 564 952 625; x_wconf 88' lang='lat' dir='ltr'>ut</span> <span class='ocrx_word' id='word_1_21' title='bbox 972 583 1060 626; x_wconf 86' lang='lat' dir='ltr'>nune</span> <span class='ocrx_word' id='word_1_22' title='bbox 1081 561 1234 646; x_wconf 83' lang='lat' dir='ltr'>vulgatur</span> <span class='ocrx_word' id='word_1_23' title='bbox 1258 561 1369 626; x_wconf 86' lang='lat' dir='ltr'>Came·</span> 
     </span>
     <span class='ocr_line' id='line_1_4' title="bbox 218 671 1368 757; baseline 0.001 -22"><span class='ocrx_word' id='word_1_24' title='bbox 218 672 323 736; x_wconf 87' lang='lat' dir='ltr'>rarius</span> <span class='ocrx_word' id='word_1_25' title='bbox 340 672 460 737; x_wconf 87' lang='lat' dir='ltr'>constit</span> <span class='ocrx_word' id='word_1_26' title='bbox 484 673 517 736; x_wconf 85' lang='lat' dir='ltr'>&#39;t</span> <span class='ocrx_word' id='word_1_27' title='bbox 533 672 697 739; x_wconf 83' lang='lat' dir='ltr'>—Tertio</span> <span class='ocrx_word' id='word_1_28' title='bbox 712 693 804 736; x_wconf 86' lang='lat' dir='ltr'>versu</span> <span class='ocrx_word' id='word_1_29' title='bbox 820 694 893 737; x_wconf 90' lang='lat' dir='ltr'>cum</span> <span class='ocrx_word' id='word_1_30' title='bbox 907 673 943 737; x_wconf 94' lang='lat' dir='ltr'>in</span> <span class='ocrx_word' id='word_1_31' title='bbox 957 671 1088 757; x_wconf 84' lang='lat' dir='ltr'>reliquis</span> <span class='ocrx_word' id='word_1_32' title='bbox 1104 672 1197 737; x_wconf 89' lang='lat' dir='ltr'>libris</span> <span class='ocrx_word' id='word_1_33' title='bbox 1213 673 1368 757; x_wconf 88' lang='lat' dir='ltr'>scriptum</span> 
     </span>
     <span class='ocr_line' id='line_1_5' title="bbox 218 781 1368 868; baseline 0.001 -23"><span class='ocrx_word' id='word_1_34' title='bbox 218 781 260 845; x_wconf 90' lang='lat' dir='ltr'>sit</span> <span class='ocrx_word' id='word_1_35' title='bbox 287 790 369 863; x_wconf 78' lang='lat' dir='ltr'>ipsus</span> <span class='ocrx_word' id='word_1_36' title='bbox 395 794 519 867; x_wconf 83' lang='lat' dir='ltr'>captas,</span> <span class='ocrx_word' id='word_1_37' title='bbox 549 783 584 847; x_wconf 89' lang='lat' dir='ltr'>in</span> <span class='ocrx_word' id='word_1_38' title='bbox 606 782 725 847; x_wconf 87' lang='lat' dir='ltr'>Vetere</span> <span class='ocrx_word' id='word_1_39' title='bbox 753 786 876 866; x_wconf 87' lang='lat' dir='ltr'>autem,</span> <span class='ocrx_word' id='word_1_40' title='bbox 911 804 1103 868; x_wconf 85' lang='lat' dir='ltr'>quamquam</span> <span class='ocrx_word' id='word_1_41' title='bbox 1131 805 1149 847; x_wconf 92' lang='lat' dir='ltr'>e</span> <span class='ocrx_word' id='word_1_42' title='bbox 1175 787 1368 865; x_wconf 84' lang='lat' dir='ltr'>correctura,</span> 
     </span>
     <span class='ocr_line' id='line_1_6' title="bbox 217 893 1371 979; baseline 0.001 -23"><span class='ocrx_word' id='word_1_43' title='bbox 217 899 300 974; x_wconf 78' lang='lat' dir='ltr'>ipsus</span> <span class='ocrx_word' id='word_1_44' title='bbox 326 905 463 978; x_wconf 79' lang='lat' dir='ltr'>captust,</span> <span class='ocrx_word' id='word_1_45' title='bbox 497 915 560 978; x_wconf 91' lang='lat' dir='ltr'>qno</span> <span class='ocrx_word' id='word_1_46' title='bbox 588 894 755 958; x_wconf 86' lang='lat' dir='ltr'>Deourtati</span> <span class='ocrx_word' id='word_1_47' title='bbox 788 915 912 979; x_wconf 93' lang='lat' dir='ltr'>quoque</span> <span class='ocrx_word' id='word_1_48' title='bbox 941 893 1101 976; x_wconf 88' lang='lat' dir='ltr'>scriptura</span> <span class='ocrx_word' id='word_1_49' title='bbox 1129 898 1258 978; x_wconf 85' lang='lat' dir='ltr'>spectat</span> <span class='ocrx_word' id='word_1_50' title='bbox 1289 901 1371 974; x_wconf 79' lang='lat' dir='ltr'>ipsas</span> 
     </span>
     <span class='ocr_line' id='line_1_7' title="bbox 217 1003 1370 1089; baseline -0.002 -19"><span class='ocrx_word' id='word_1_51' title='bbox 217 1015 348 1088; x_wconf 80' lang='lat' dir='ltr'>capstst,</span> <span class='ocrx_word' id='word_1_52' title='bbox 378 1004 505 1069; x_wconf 85' lang='lat' dir='ltr'>inverso</span> <span class='ocrx_word' id='word_1_53' title='bbox 538 1005 649 1069; x_wconf 81' lang='lat' dir='ltr'>ordine</span> <span class='ocrx_word' id='word_1_54' title='bbox 676 1016 786 1085; x_wconf 81' lang='lat' dir='ltr'>captus</span> <span class='ocrx_word' id='word_1_55' title='bbox 812 1011 908 1084; x_wconf 72' lang='lat' dir='ltr'>rpsust</span> <span class='ocrx_word' id='word_1_56' title='bbox 934 1004 1058 1068; x_wconf 81' lang='lat' dir='ltr'>invexit</span> <span class='ocrx_word' id='word_1_57' title='bbox 1084 1003 1238 1088; x_wconf 82' lang='lat' dir='ltr'>Pylades,</span> <span class='ocrx_word' id='word_1_58' title='bbox 1276 1027 1370 1089; x_wconf 90' lang='lat' dir='ltr'>quem</span> 
     </span>
     <span class='ocr_line' id='line_1_8' title="bbox 218 1112 1370 1200; baseline -0.001 -21"><span class='ocrx_word' id='word_1_59' title='bbox 218 1112 354 1179; x_wconf 87' lang='lat' dir='ltr'>Bothius</span> <span class='ocrx_word' id='word_1_60' title='bbox 377 1116 528 1200; x_wconf 88' lang='lat' dir='ltr'>sequitur,</span> <span class='ocrx_word' id='word_1_61' title='bbox 545 1127 653 1196; x_wconf 79' lang='lat' dir='ltr'>captas</span> <span class='ocrx_word' id='word_1_62' title='bbox 673 1123 756 1197; x_wconf 79' lang='lat' dir='ltr'>ipsus</span> <span class='ocrx_word' id='word_1_63' title='bbox 777 1115 900 1199; x_wconf 77' lang='lat' dir='ltr'>placuit</span> <span class='ocrx_word' id='word_1_64' title='bbox 920 1117 993 1199; x_wconf 91' lang='lat' dir='ltr'>post</span> <span class='ocrx_word' id='word_1_65' title='bbox 1008 1114 1226 1180; x_wconf 82' lang='lat' dir='ltr'>Camerarium</span> <span class='ocrx_word' id='word_1_66' title='bbox 1237 1113 1370 1186; x_wconf 82' lang='lat' dir='ltr'>Vltimo,</span> 
     </span>
     <span class='ocr_line' id='line_1_9' title="bbox 217 1224 1372 1311; baseline -0.003 -19"><span class='ocrx_word' id='word_1_67' title='bbox 217 1237 338 1307; x_wconf 79' lang='lat' dir='ltr'><em>captust</em></span> <span class='ocrx_word' id='word_1_68' title='bbox 363 1233 446 1307; x_wconf 80' lang='lat' dir='ltr'>ipsos</span> <span class='ocrx_word' id='word_1_69' title='bbox 473 1227 640 1311; x_wconf 87' lang='lat' dir='ltr'>vulgatum</span> <span class='ocrx_word' id='word_1_70' title='bbox 668 1230 717 1291; x_wconf 89' lang='lat' dir='ltr'>est</span> <span class='ocrx_word' id='word_1_71' title='bbox 743 1226 818 1290; x_wconf 91' lang='lat' dir='ltr'>inde</span> <span class='ocrx_word' id='word_1_72' title='bbox 847 1226 1036 1290; x_wconf 85' lang='lat' dir='ltr'>aGrutero.</span> <span class='ocrx_word' id='word_1_73' title='bbox 1082 1224 1126 1289; x_wconf 83' lang='lat' dir='ltr'>Et</span> <span class='ocrx_word' id='word_1_74' title='bbox 1153 1224 1238 1310; x_wconf 92' lang='lat' dir='ltr'>quod</span> <span class='ocrx_word' id='word_1_75' title='bbox 1266 1224 1306 1289; x_wconf 87' lang='lat' dir='ltr'>ad</span> <span class='ocrx_word' id='word_1_76' title='bbox 1329 1239 1372 1290; x_wconf 78' lang='lat' dir='ltr'>est</span> 
     </span>
     <span class='ocr_line' id='line_1_10' title="bbox 217 1336 1370 1422; baseline -0.001 -22"><span class='ocrx_word' id='word_1_77' title='bbox 217 1337 348 1402; x_wconf 84' lang='lat' dir='ltr'>voculae</span> <span class='ocrx_word' id='word_1_78' title='bbox 376 1337 568 1422; x_wconf 79' lang='lat' dir='ltr'><strong>positionem</strong></span> <span class='ocrx_word' id='word_1_79' title='bbox 597 1337 728 1421; x_wconf 87' lang='lat' dir='ltr'>attinet,</span> <span class='ocrx_word' id='word_1_80' title='bbox 761 1336 944 1401; x_wconf 74' lang='lat' dir='ltr'>Plautinum</span> <span class='ocrx_word' id='word_1_81' title='bbox 972 1358 1092 1401; x_wconf 92' lang='lat' dir='ltr'>morem</span> <span class='ocrx_word' id='word_1_82' title='bbox 1119 1358 1235 1420; x_wconf 88' lang='lat' dir='ltr'>parum</span> <span class='ocrx_word' id='word_1_83' title='bbox 1264 1336 1315 1401; x_wconf 89' lang='lat' dir='ltr'>vel</span> <span class='ocrx_word' id='word_1_84' title='bbox 1342 1336 1370 1400; x_wconf 91' lang='lat' dir='ltr'>ei</span> 
     </span>
     <span class='ocr_line' id='line_1_11' title="bbox 215 1447 1370 1533; baseline -0.003 -21"><span class='ocrx_word' id='word_1_85' title='bbox 215 1451 459 1533; x_wconf 84' lang='lat' dir='ltr'>perspexerunt,</span> <span class='ocrx_word' id='word_1_86' title='bbox 483 1448 537 1532; x_wconf 89' lang='lat' dir='ltr'>qui</span> <span class='ocrx_word' id='word_1_87' title='bbox 560 1470 579 1511; x_wconf 88' lang='lat' dir='ltr'>a</span> <span class='ocrx_word' id='word_1_88' title='bbox 607 1447 777 1532; x_wconf 87' lang='lat' dir='ltr'>participio</span> <span class='ocrx_word' id='word_1_89' title='bbox 799 1469 856 1511; x_wconf 90' lang='lat' dir='ltr'>suo</span> <span class='ocrx_word' id='word_1_90' title='bbox 877 1447 1068 1532; x_wconf 82' lang='lat' dir='ltr'>diremptam</span> <span class='ocrx_word' id='word_1_91' title='bbox 1096 1469 1168 1510; x_wconf 85' lang='lat' dir='ltr'>oum</span> <span class='ocrx_word' id='word_1_92' title='bbox 1191 1455 1276 1527; x_wconf 77' lang='lat' dir='ltr'>ipsus</span> <span class='ocrx_word' id='word_1_93' title='bbox 1298 1447 1370 1510; x_wconf 91' lang='lat' dir='ltr'>iun·</span> 
     </span>
     <span class='ocr_line' id='line_1_12' title="bbox 219 1557 1371 1643; baseline -0.002 -21"><span class='ocrx_word' id='word_1_94' title='bbox 219 1561 346 1641; x_wconf 84' lang='lat' dir='ltr'>xerunt,</span> <span class='ocrx_word' id='word_1_95' title='bbox 370 1558 421 1622; x_wconf 88' lang='lat' dir='ltr'>vel</span> <span class='ocrx_word' id='word_1_96' title='bbox 444 1560 498 1643; x_wconf 90' lang='lat' dir='ltr'>qni</span> <span class='ocrx_word' id='word_1_97' title='bbox 521 1564 610 1624; x_wconf 82' lang='lat' dir='ltr'>datus</span> <span class='ocrx_word' id='word_1_98' title='bbox 632 1558 802 1642; x_wconf 91' lang='lat' dir='ltr'>participio</span> <span class='ocrx_word' id='word_1_99' title='bbox 817 1559 960 1622; x_wconf 87' lang='lat' dir='ltr'>iunctam</span> <span class='ocrx_word' id='word_1_100' title='bbox 981 1579 1074 1643; x_wconf 89' lang='lat' dir='ltr'>posse</span> <span class='ocrx_word' id='word_1_101' title='bbox 1091 1557 1189 1620; x_wconf 85' lang='lat' dir='ltr'>etiam</span> <span class='ocrx_word' id='word_1_102' title='bbox 1205 1557 1371 1638; x_wconf 74' lang='lat' dir='ltr'>adreptus</span> 
     </span>
     <span class='ocr_line' id='line_1_13' title="bbox 219 1650 1371 1754; baseline -0.002 -21"><span class='ocrx_word' id='word_1_103' title='bbox 219 1669 381 1753; x_wconf 89' lang='lat' dir='ltr'>pertinere</span> <span class='ocrx_word' id='word_1_104' title='bbox 408 1673 607 1732; x_wconf 82' lang='lat' dir='ltr'>statuerunt:</span> <span class='ocrx_word' id='word_1_105' title='bbox 640 1668 723 1754; x_wconf 91' lang='lat' dir='ltr'>quod</span> <span class='ocrx_word' id='word_1_106' title='bbox 756 1669 853 1732; x_wconf 91' lang='lat' dir='ltr'>utin</span> <span class='ocrx_word' id='word_1_107' title='bbox 883 1668 1039 1733; x_wconf 87' lang='lat' dir='ltr'>adiectiva</span> <span class='ocrx_word' id='word_1_108' title='bbox 1061 1689 1138 1731; x_wconf 87' lang='lat' dir='ltr'>sanc</span> <span class='ocrx_word' id='word_1_109' title='bbox 1162 1667 1275 1751; x_wconf 80' lang='lat' dir='ltr'>eadat,</span> <span class='ocrx_word' id='word_1_110' title='bbox 1304 1650 1371 1732; x_wconf 86' lang='lat' dir='ltr'>non</span> 
     </span>
     <span class='ocr_line' id='line_1_14' title="bbox 219 1777 1370 1863; baseline -0.001 -21"><span class='ocrx_word' id='word_1_111' title='bbox 219 1779 305 1842; x_wconf 88' lang='lat' dir='ltr'>cadit</span> <span class='ocrx_word' id='word_1_112' title='bbox 327 1778 361 1842; x_wconf 91' lang='lat' dir='ltr'>in</span> <span class='ocrx_word' id='word_1_113' title='bbox 384 1801 438 1842; x_wconf 91' lang='lat' dir='ltr'>eas</span> <span class='ocrx_word' id='word_1_114' title='bbox 453 1779 622 1843; x_wconf 87' lang='lat' dir='ltr'>verborum</span> <span class='ocrx_word' id='word_1_115' title='bbox 644 1779 764 1843; x_wconf 87' lang='lat' dir='ltr'>formas</span> <span class='ocrx_word' id='word_1_116' title='bbox 787 1778 1048 1863; x_wconf 87' lang='lat' dir='ltr'>periphrasticas‚</span> <span class='ocrx_word' id='word_1_117' title='bbox 1072 1800 1130 1862; x_wconf 91' lang='lat' dir='ltr'>pro</span> <span class='ocrx_word' id='word_1_118' title='bbox 1152 1779 1271 1862; x_wconf 88' lang='lat' dir='ltr'>quibus</span> <span class='ocrx_word' id='word_1_119' title='bbox 1293 1777 1325 1842; x_wconf 93' lang='lat' dir='ltr'>h.</span> <span class='ocrx_word' id='word_1_120' title='bbox 1350 1778 1370 1841; x_wconf 92' lang='lat' dir='ltr'>l.</span> 
     </span>
     <span class='ocr_line' id='line_1_15' title="bbox 219 1869 1370 1974; baseline -0.001 -21"><span class='ocrx_word' id='word_1_121' title='bbox 219 1889 382 1953; x_wconf 89' lang='lat' dir='ltr'>commode</span> <span class='ocrx_word' id='word_1_122' title='bbox 404 1888 467 1953; x_wconf 88' lang='lat' dir='ltr'>dici</span> <span class='ocrx_word' id='word_1_123' title='bbox 491 1890 588 1953; x_wconf 90' lang='lat' dir='ltr'>etiam</span> <span class='ocrx_word' id='word_1_124' title='bbox 611 1896 735 1969; x_wconf 79' lang='lat' dir='ltr'>capitur</span> <span class='ocrx_word' id='word_1_125' title='bbox 757 1894 789 1954; x_wconf 89' lang='lat' dir='ltr'>et</span> <span class='ocrx_word' id='word_1_126' title='bbox 811 1895 904 1955; x_wconf 80' lang='lat' dir='ltr'>datur</span> <span class='ocrx_word' id='word_1_127' title='bbox 925 1892 1082 1974; x_wconf 89' lang='lat' dir='ltr'>potuerat.</span> <span class='ocrx_word' id='word_1_128' title='bbox 1128 1888 1204 1953; x_wconf 91' lang='lat' dir='ltr'>Non</span> <span class='ocrx_word' id='word_1_129' title='bbox 1232 1889 1315 1953; x_wconf 86' lang='lat' dir='ltr'>solet</span> <span class='ocrx_word' id='word_1_130' title='bbox 1336 1869 1370 1952; x_wconf 80' lang='lat' dir='ltr'>iii</span> 
     </span>
     <span class='ocr_line' id='line_1_16' title="bbox 217 1998 1370 2081; baseline 0 -19"><span class='ocrx_word' id='word_1_131' title='bbox 217 1999 336 2063; x_wconf 86' lang='lat' dir='ltr'>talibus</span> <span class='ocrx_word' id='word_1_132' title='bbox 364 2011 408 2063; x_wconf 79' lang='lat' dir='ltr'>cst</span> <span class='ocrx_word' id='word_1_133' title='bbox 434 1999 538 2063; x_wconf 86' lang='lat' dir='ltr'>omitti</span> <span class='ocrx_word' id='word_1_134' title='bbox 568 1998 740 2081; x_wconf 84' lang='lat' dir='ltr'>aPlauto,</span> <span class='ocrx_word' id='word_1_135' title='bbox 775 2023 836 2064; x_wconf 89' lang='lat' dir='ltr'>nec</span> <span class='ocrx_word' id='word_1_136' title='bbox 859 2000 1009 2064; x_wconf 85' lang='lat' dir='ltr'>convenit</span> <span class='ocrx_word' id='word_1_137' title='bbox 1035 2021 1072 2064; x_wconf 90' lang='lat' dir='ltr'>ea</span> <span class='ocrx_word' id='word_1_138' title='bbox 1093 1999 1225 2063; x_wconf 88' lang='lat' dir='ltr'>omissio</span> <span class='ocrx_word' id='word_1_139' title='bbox 1248 2000 1284 2064; x_wconf 91' lang='lat' dir='ltr'>in</span> <span class='ocrx_word' id='word_1_140' title='bbox 1307 2021 1370 2063; x_wconf 87' lang='lat' dir='ltr'>ser·</span> 
     </span>
     <span class='ocr_line' id='line_1_17' title="bbox 216 2109 1369 2194; baseline -0.001 -20"><span class='ocrx_word' id='word_1_141' title='bbox 216 2132 344 2175; x_wconf 91' lang='lat' dir='ltr'>monem</span> <span class='ocrx_word' id='word_1_142' title='bbox 377 2110 461 2174; x_wconf 90' lang='lat' dir='ltr'>vitae</span> <span class='ocrx_word' id='word_1_143' title='bbox 498 2109 687 2174; x_wconf 84' lang='lat' dir='ltr'>cotidianae.</span> <span class='ocrx_word' id='word_1_144' title='bbox 746 2109 836 2186; x_wconf 82' lang='lat' dir='ltr'>Quod</span> <span class='ocrx_word' id='word_1_145' title='bbox 868 2110 996 2194; x_wconf 88' lang='lat' dir='ltr'>quidem</span> <span class='ocrx_word' id='word_1_146' title='bbox 1042 2131 1144 2194; x_wconf 85' lang='lat' dir='ltr'>genus</span> <span class='ocrx_word' id='word_1_147' title='bbox 1182 2110 1369 2174; x_wconf 84' lang='lat' dir='ltr'>universum</span> 
     </span>
     <span class='ocr_line' id='line_1_18' title="bbox 217 2220 1370 2306; baseline 0 -22"><span class='ocrx_word' id='word_1_148' title='bbox 217 2221 280 2286; x_wconf 91' lang='lat' dir='ltr'>dici</span> <span class='ocrx_word' id='word_1_149' title='bbox 302 2221 414 2306; x_wconf 91' lang='lat' dir='ltr'>nequit</span> <span class='ocrx_word' id='word_1_150' title='bbox 436 2242 532 2305; x_wconf 86' lang='lat' dir='ltr'>quam</span> <span class='ocrx_word' id='word_1_151' title='bbox 554 2223 587 2285; x_wconf 90' lang='lat' dir='ltr'>et</span> <span class='ocrx_word' id='word_1_152' title='bbox 608 2220 672 2285; x_wconf 86' lang='lat' dir='ltr'>late</span> <span class='ocrx_word' id='word_1_153' title='bbox 693 2224 804 2304; x_wconf 85' lang='lat' dir='ltr'>pateat</span> <span class='ocrx_word' id='word_1_154' title='bbox 832 2224 865 2285; x_wconf 90' lang='lat' dir='ltr'>et</span> <span class='ocrx_word' id='word_1_155' title='bbox 885 2221 1052 2305; x_wconf 82' lang='lat' dir='ltr'>ignoretur</span> <span class='ocrx_word' id='word_1_156' title='bbox 1074 2220 1116 2284; x_wconf 88' lang='lat' dir='ltr'>ab</span> <span class='ocrx_word' id='word_1_157' title='bbox 1138 2220 1316 2284; x_wconf 86' lang='lat' dir='ltr'>editoribus</span> <span class='ocrx_word' id='word_1_158' title='bbox 1339 2225 1370 2284; x_wconf 85' lang='lat' dir='ltr'>et</span> 
     </span>
     <span class='ocr_line' id='line_1_19' title="bbox 216 2329 1369 2416; baseline 0 -21"><span class='ocrx_word' id='word_1_159' title='bbox 216 2332 380 2396; x_wconf 91' lang='lat' dir='ltr'>turbatum</span> <span class='ocrx_word' id='word_1_160' title='bbox 402 2332 445 2396; x_wconf 90' lang='lat' dir='ltr'>sit</span> <span class='ocrx_word' id='word_1_161' title='bbox 467 2332 502 2395; x_wconf 91' lang='lat' dir='ltr'>in</span> <span class='ocrx_word' id='word_1_162' title='bbox 524 2331 734 2395; x_wconf 86' lang='lat' dir='ltr'>deterioribus</span> <span class='ocrx_word' id='word_1_163' title='bbox 758 2331 968 2416; x_wconf 76' lang='lat' dir='ltr'>codicibus*)</span> <span class='ocrx_word' id='word_1_164' title='bbox 984 2369 1026 2378; x_wconf 88' lang='lat'>—</span> <span class='ocrx_word' id='word_1_165' title='bbox 1041 2329 1230 2414; x_wconf 80' lang='lat' dir='ltr'>impeditior</span> <span class='ocrx_word' id='word_1_166' title='bbox 1260 2335 1309 2395; x_wconf 88' lang='lat' dir='ltr'>cst</span> <span class='ocrx_word' id='word_1_167' title='bbox 1332 2333 1369 2395; x_wconf 88' lang='lat' dir='ltr'>de</span> 
     </span>
     <span class='ocr_line' id='line_1_20' title="bbox 216 2442 1368 2528; baseline -0.001 -22"><span class='ocrx_word' id='word_1_168' title='bbox 216 2442 307 2508; x_wconf 89' lang='lat' dir='ltr'>hiatu</span> <span class='ocrx_word' id='word_1_169' title='bbox 335 2443 488 2528; x_wconf 78' lang='lat' dir='ltr'>quaestio.</span> <span class='ocrx_word' id='word_1_170' title='bbox 534 2442 609 2506; x_wconf 90' lang='lat' dir='ltr'>Non</span> <span class='ocrx_word' id='word_1_171' title='bbox 632 2443 736 2507; x_wconf 92' lang='lat' dir='ltr'>dicam</span> <span class='ocrx_word' id='word_1_172' title='bbox 759 2447 865 2507; x_wconf 84' lang='lat' dir='ltr'>autern</span> <span class='ocrx_word' id='word_1_173' title='bbox 889 2445 1000 2507; x_wconf 77' lang='lat' dir='ltr'>contm</span> <span class='ocrx_word' id='word_1_174' title='bbox 1028 2463 1097 2525; x_wconf 77' lang='lat' dir='ltr'>ece,</span> <span class='ocrx_word' id='word_1_175' title='bbox 1122 2442 1178 2526; x_wconf 86' lang='lat' dir='ltr'>qui</span> <span class='ocrx_word' id='word_1_176' title='bbox 1200 2443 1314 2526; x_wconf 87' lang='lat' dir='ltr'>quovis</span> <span class='ocrx_word' id='word_1_177' title='bbox 1337 2447 1368 2506; x_wconf 87' lang='lat' dir='ltr'>et</span> 
     </span>
     <span class='ocr_line' id='line_1_21' title="bbox 217 2552 1366 2636; baseline 0 -19"><span class='ocrx_word' id='word_1_178' title='bbox 217 2554 285 2618; x_wconf 87' lang='lat' dir='ltr'>loeo</span> <span class='ocrx_word' id='word_1_179' title='bbox 308 2558 341 2617; x_wconf 87' lang='lat' dir='ltr'>et</span> <span class='ocrx_word' id='word_1_180' title='bbox 366 2555 460 2619; x_wconf 91' lang='lat' dir='ltr'>modo</span> <span class='ocrx_word' id='word_1_181' title='bbox 476 2553 649 2617; x_wconf 88' lang='lat' dir='ltr'>admissum</span> <span class='ocrx_word' id='word_1_182' title='bbox 673 2553 795 2617; x_wconf 89' lang='lat' dir='ltr'>hiatum</span> <span class='ocrx_word' id='word_1_183' title='bbox 821 2556 999 2618; x_wconf 78' lang='lat' dir='ltr'>concocunt</span> <span class='ocrx_word' id='word_1_184' title='bbox 1020 2552 1244 2636; x_wconf 85' lang='lat' dir='ltr'>concoctisque</span> <span class='ocrx_word' id='word_1_185' title='bbox 1268 2553 1366 2617; x_wconf 89' lang='lat' dir='ltr'>bonos</span> 
     </span>
     <span class='ocr_line' id='line_1_22' title="bbox 217 2644 1369 2748; baseline -0.002 -20"><span class='ocrx_word' id='word_1_186' title='bbox 217 2687 326 2730; x_wconf 90' lang='lat' dir='ltr'>versus</span> <span class='ocrx_word' id='word_1_187' title='bbox 350 2668 542 2730; x_wconf 83' lang='lat' dir='ltr'>consecant:</span> <span class='ocrx_word' id='word_1_188' title='bbox 565 2664 636 2748; x_wconf 91' lang='lat' dir='ltr'>quis</span> <span class='ocrx_word' id='word_1_189' title='bbox 652 2664 738 2728; x_wconf 85' lang='lat' dir='ltr'>enim</span> <span class='ocrx_word' id='word_1_190' title='bbox 760 2664 868 2728; x_wconf 87' lang='lat' dir='ltr'>lavare</span> <span class='ocrx_word' id='word_1_191' title='bbox 890 2665 1023 2728; x_wconf 87' lang='lat' dir='ltr'>laterem</span> <span class='ocrx_word' id='word_1_192' title='bbox 1043 2663 1187 2726; x_wconf 87' lang='lat' dir='ltr'>animum</span> <span class='ocrx_word' id='word_1_193' title='bbox 1208 2644 1369 2728; x_wconf 78' lang='lat' dir='ltr'>inducat?</span> 
     </span>
     <span class='ocr_line' id='line_1_23' title="bbox 216 2773 1368 2860; baseline -0.003 -21"><span class='ocrx_word' id='word_1_194' title='bbox 216 2775 336 2840; x_wconf 89' lang='lat' dir='ltr'>Verum</span> <span class='ocrx_word' id='word_1_195' title='bbox 369 2776 422 2860; x_wconf 91' lang='lat' dir='ltr'>qui</span> <span class='ocrx_word' id='word_1_196' title='bbox 455 2776 491 2839; x_wconf 91' lang='lat' dir='ltr'>in</span> <span class='ocrx_word' id='word_1_197' title='bbox 523 2775 594 2859; x_wconf 86' lang='lat' dir='ltr'>ipsa</span> <span class='ocrx_word' id='word_1_198' title='bbox 631 2796 762 2839; x_wconf 85' lang='lat' dir='ltr'>caesura</span> <span class='ocrx_word' id='word_1_199' title='bbox 793 2775 994 2854; x_wconf 57' lang='lat' dir='ltr'>senariorum„</span> <span class='ocrx_word' id='word_1_200' title='bbox 1012 2773 1186 2837; x_wconf 85' lang='lat' dir='ltr'>admissum</span> <span class='ocrx_word' id='word_1_201' title='bbox 1220 2777 1368 2839; x_wconf 85' lang='lat' dir='ltr'>tutantur</span> 
     </span>
     <span class='ocr_line' id='line_1_24' title="bbox 217 2884 1365 2970; baseline 0 -21"><span class='ocrx_word' id='word_1_202' title='bbox 217 2890 311 2970; x_wconf 87' lang='lat' dir='ltr'>atque</span> <span class='ocrx_word' id='word_1_203' title='bbox 334 2886 541 2969; x_wconf 74' lang='lat' dir='ltr'>defensitant,</span> <span class='ocrx_word' id='word_1_204' title='bbox 566 2908 619 2950; x_wconf 86' lang='lat' dir='ltr'>eos</span> <span class='ocrx_word' id='word_1_205' title='bbox 636 2889 721 2949; x_wconf 85' lang='lat' dir='ltr'>certe</span> <span class='ocrx_word' id='word_1_206' title='bbox 737 2884 843 2970; x_wconf 88' lang='lat' dir='ltr'>aliqua</span> <span class='ocrx_word' id='word_1_207' title='bbox 865 2886 989 2949; x_wconf 88' lang='lat' dir='ltr'>ratione</span> <span class='ocrx_word' id='word_1_208' title='bbox 1005 2905 1101 2969; x_wconf 79' lang='lat' dir='ltr'>egere</span> <span class='ocrx_word' id='word_1_209' title='bbox 1124 2885 1365 2949; x_wconf 88' lang='lat' dir='ltr'>concedendum</span> 
     </span>
     <span class='ocr_line' id='line_1_25' title="bbox 217 2994 1364 3081; baseline -0.001 -21"><span class='ocrx_word' id='word_1_210' title='bbox 217 2999 274 3060; x_wconf 89' lang='lat' dir='ltr'>est.</span> <span class='ocrx_word' id='word_1_211' title='bbox 319 2995 388 3059; x_wconf 89' lang='lat' dir='ltr'>Neo</span> <span class='ocrx_word' id='word_1_212' title='bbox 416 3017 476 3080; x_wconf 88' lang='lat' dir='ltr'>ego</span> <span class='ocrx_word' id='word_1_213' title='bbox 507 2995 568 3060; x_wconf 88' lang='lat' dir='ltr'>hoc</span> <span class='ocrx_word' id='word_1_214' title='bbox 590 3018 764 3081; x_wconf 87' lang='lat' dir='ltr'>numquam</span> <span class='ocrx_word' id='word_1_215' title='bbox 792 2996 916 3060; x_wconf 86' lang='lat' dir='ltr'>factum</span> <span class='ocrx_word' id='word_1_216' title='bbox 939 2994 1146 3060; x_wconf 84' lang='lat' dir='ltr'>contendam:</span> <span class='ocrx_word' id='word_1_217' title='bbox 1176 2995 1233 3058; x_wconf 85' lang='lat' dir='ltr'>sed</span> <span class='ocrx_word' id='word_1_218' title='bbox 1256 3000 1364 3059; x_wconf 83' lang='lat' dir='ltr'>tamen</span> 
     </span>
     <span class='ocr_line' id='line_1_26' title="bbox 215 3104 1364 3191; baseline 0.002 -23"><span class='ocrx_word' id='word_1_219' title='bbox 215 3110 252 3169; x_wconf 93' lang='lat' dir='ltr'>ut</span> <span class='ocrx_word' id='word_1_220' title='bbox 274 3105 324 3169; x_wconf 85' lang='lat' dir='ltr'>vel</span> <span class='ocrx_word' id='word_1_221' title='bbox 346 3106 378 3169; x_wconf 91' lang='lat' dir='ltr'>id</span> <span class='ocrx_word' id='word_1_222' title='bbox 401 3127 503 3190; x_wconf 86' lang='lat' dir='ltr'>genus</span> <span class='ocrx_word' id='word_1_223' title='bbox 526 3106 622 3191; x_wconf 89' lang='lat' dir='ltr'>longe</span> <span class='ocrx_word' id='word_1_224' title='bbox 639 3107 819 3188; x_wconf 83' lang='lat' dir='ltr'>artioribus,</span> <span class='ocrx_word' id='word_1_225' title='bbox 844 3128 940 3190; x_wconf 90' lang='lat' dir='ltr'>quam</span> <span class='ocrx_word' id='word_1_226' title='bbox 955 3105 1052 3191; x_wconf 81' lang='lat' dir='ltr'>vulgo</span> <span class='ocrx_word' id='word_1_227' title='bbox 1071 3104 1224 3188; x_wconf 86' lang='lat' dir='ltr'>creditur,</span> <span class='ocrx_word' id='word_1_228' title='bbox 1247 3106 1364 3183; x_wconf 68' lang='lat' dir='ltr'>finibus</span> 
     </span>
     <span class='ocr_line' id='line_1_27' title="bbox 217 3215 1364 3302; baseline 0.001 -22"><span class='ocrx_word' id='word_1_229' title='bbox 217 3238 284 3280; x_wconf 85' lang='lat' dir='ltr'>esse</span> <span class='ocrx_word' id='word_1_230' title='bbox 314 3216 586 3300; x_wconf 88' lang='lat' dir='ltr'>circumscriptum</span> <span class='ocrx_word' id='word_1_231' title='bbox 614 3222 732 3302; x_wconf 82' lang='lat' dir='ltr'>putem.</span> <span class='ocrx_word' id='word_1_232' title='bbox 778 3217 822 3281; x_wconf 79' lang='lat' dir='ltr'>Et</span> <span class='ocrx_word' id='word_1_233' title='bbox 848 3220 974 3281; x_wconf 90' lang='lat' dir='ltr'>tantum</span> <span class='ocrx_word' id='word_1_234' title='bbox 1002 3215 1129 3295; x_wconf 77' lang='lat' dir='ltr'>quidem</span> <span class='ocrx_word' id='word_1_235' title='bbox 1158 3239 1226 3280; x_wconf 90' lang='lat' dir='ltr'>non</span> <span class='ocrx_word' id='word_1_236' title='bbox 1259 3220 1364 3300; x_wconf 86' lang='lat' dir='ltr'>potest</span> 
     </span>
     <span class='ocr_line' id='line_1_28' title="bbox 217 3310 1363 3419; baseline 0.002 -29"><span class='ocrx_word' id='word_1_237' title='bbox 217 3350 283 3391; x_wconf 92' lang='lat' dir='ltr'>non</span> <span class='ocrx_word' id='word_1_238' title='bbox 311 3325 424 3419; x_wconf 76' lang='lat' dir='ltr'>haberi</span> <span class='ocrx_word' id='word_1_239' title='bbox 455 3328 681 3411; x_wconf 81' lang='lat' dir='ltr'>certissimum,</span> <span class='ocrx_word' id='word_1_240' title='bbox 712 3351 777 3392; x_wconf 90' lang='lat' dir='ltr'>non</span> <span class='ocrx_word' id='word_1_241' title='bbox 805 3328 1000 3412; x_wconf 88' lang='lat' dir='ltr'>elegantiam</span> <span class='ocrx_word' id='word_1_242' title='bbox 1021 3310 1183 3411; x_wconf 81' lang='lat' dir='ltr'>quandam</span> <span class='ocrx_word' id='word_1_243' title='bbox 1205 3328 1363 3413; x_wconf 85' lang='lat' dir='ltr'>interpre-</span> 
     </span>
     <span class='ocr_line' id='line_1_29' title="bbox 216 3437 1366 3524; baseline 0.003 -24"><span class='ocrx_word' id='word_1_244' title='bbox 216 3437 350 3501; x_wconf 88' lang='lat' dir='ltr'>tandum</span> <span class='ocrx_word' id='word_1_245' title='bbox 378 3459 504 3502; x_wconf 87' lang='lat' dir='ltr'>omnem</span> <span class='ocrx_word' id='word_1_246' title='bbox 532 3437 657 3501; x_wconf 88' lang='lat' dir='ltr'>hiatum</span> <span class='ocrx_word' id='word_1_247' title='bbox 685 3460 769 3521; x_wconf 74' lang='lat' dir='ltr'>csse,</span> <span class='ocrx_word' id='word_1_248' title='bbox 807 3461 903 3524; x_wconf 92' lang='lat' dir='ltr'>quam</span> <span class='ocrx_word' id='word_1_249' title='bbox 931 3438 997 3503; x_wconf 89' lang='lat' dir='ltr'>sint</span> <span class='ocrx_word' id='word_1_250' title='bbox 1018 3437 1132 3502; x_wconf 84' lang='lat' dir='ltr'>sectati</span> <span class='ocrx_word' id='word_1_251' title='bbox 1155 3442 1281 3521; x_wconf 86' lang='lat' dir='ltr'>poetae,</span> <span class='ocrx_word' id='word_1_252' title='bbox 1312 3439 1366 3503; x_wconf 86' lang='lat' dir='ltr'>sed</span> 
     </span>
     <span class='ocr_line' id='line_1_30' title="bbox 216 3535 1367 3634; baseline -0.003 -18"><span class='ocrx_word' id='word_1_253' title='bbox 216 3548 382 3617; x_wconf 88' lang='lat' dir='ltr'>licentiam</span> <span class='ocrx_word' id='word_1_254' title='bbox 404 3549 509 3632; x_wconf 91' lang='lat' dir='ltr'>potius</span> <span class='ocrx_word' id='word_1_255' title='bbox 532 3570 628 3633; x_wconf 87' lang='lat' dir='ltr'>quam</span> <span class='ocrx_word' id='word_1_256' title='bbox 651 3548 712 3611; x_wconf 87' lang='lat' dir='ltr'>sibi</span> <span class='ocrx_word' id='word_1_257' title='bbox 735 3550 936 3614; x_wconf 84' lang='lat' dir='ltr'>indulserint</span> <span class='ocrx_word' id='word_1_258' title='bbox 982 3547 1072 3624; x_wconf 86' lang='lat' dir='ltr'>Quod</span> <span class='ocrx_word' id='word_1_259' title='bbox 1094 3548 1121 3613; x_wconf 88' lang='lat' dir='ltr'>si</span> <span class='ocrx_word' id='word_1_260' title='bbox 1141 3548 1188 3612; x_wconf 86' lang='lat' dir='ltr'>ita</span> <span class='ocrx_word' id='word_1_261' title='bbox 1205 3552 1265 3632; x_wconf 85' lang='lat' dir='ltr'>est,</span> <span class='ocrx_word' id='word_1_262' title='bbox 1291 3535 1367 3634; x_wconf 84' lang='lat' dir='ltr'>quid</span> 
     </span>
     <span class='ocr_line' id='line_1_31' title="bbox 215 3638 1367 3744; baseline 0.002 -21"><span class='ocrx_word' id='word_1_263' title='bbox 215 3660 345 3724; x_wconf 87' lang='lat' dir='ltr'>tandem</span> <span class='ocrx_word' id='word_1_264' title='bbox 370 3682 499 3724; x_wconf 84' lang='lat' dir='ltr'>caussae</span> <span class='ocrx_word' id='word_1_265' title='bbox 520 3660 620 3723; x_wconf 85' lang='lat' dir='ltr'>fuisse</span> <span class='ocrx_word' id='word_1_266' title='bbox 643 3663 805 3743; x_wconf 75' lang='lat' dir='ltr'>putemuS‚</span> <span class='ocrx_word' id='word_1_267' title='bbox 830 3682 885 3724; x_wconf 87' lang='lat' dir='ltr'>cur</span> <span class='ocrx_word' id='word_1_268' title='bbox 907 3660 1042 3724; x_wconf 86' lang='lat' dir='ltr'>licenter</span> <span class='ocrx_word' id='word_1_269' title='bbox 1063 3638 1170 3725; x_wconf 77' lang='lat' dir='ltr'>facere</span> <span class='ocrx_word' id='word_1_270' title='bbox 1191 3663 1292 3744; x_wconf 83' lang='lat' dir='ltr'>poeta</span> <span class='ocrx_word' id='word_1_271' title='bbox 1314 3683 1367 3725; x_wconf 86' lang='lat' dir='ltr'>eos</span> 
     </span>
     <span class='ocr_line' id='line_1_32' title="bbox 215 3769 1371 3856; baseline 0 -20"><span class='ocrx_word' id='word_1_272' title='bbox 215 3794 325 3836; x_wconf 80' lang='lat' dir='ltr'>versus</span> <span class='ocrx_word' id='word_1_273' title='bbox 353 3771 480 3854; x_wconf 85' lang='lat' dir='ltr'>mallet,</span> <span class='ocrx_word' id='word_1_274' title='bbox 511 3794 588 3856; x_wconf 89' lang='lat' dir='ltr'>quos</span> <span class='ocrx_word' id='word_1_275' title='bbox 617 3771 745 3855; x_wconf 89' lang='lat' dir='ltr'>quidem</span> <span class='ocrx_word' id='word_1_276' title='bbox 767 3770 854 3835; x_wconf 88' lang='lat' dir='ltr'>nullo</span> <span class='ocrx_word' id='word_1_277' title='bbox 877 3771 1024 3855; x_wconf 86' lang='lat' dir='ltr'>negotio,</span> <span class='ocrx_word' id='word_1_278' title='bbox 1047 3791 1114 3834; x_wconf 91' lang='lat' dir='ltr'>non</span> <span class='ocrx_word' id='word_1_279' title='bbox 1137 3769 1271 3834; x_wconf 87' lang='lat' dir='ltr'>adscitis</span> <span class='ocrx_word' id='word_1_280' title='bbox 1300 3772 1371 3837; x_wconf 91' lang='lat' dir='ltr'>aliis</span> 
     </span>
     <span class='ocr_line' id='line_1_33' title="bbox 215 3880 1370 3967; baseline 0 -19"><span class='ocrx_word' id='word_1_281' title='bbox 215 3884 355 3966; x_wconf 86' lang='lat' dir='ltr'>vocibus,</span> <span class='ocrx_word' id='word_1_282' title='bbox 379 3906 445 3947; x_wconf 91' lang='lat' dir='ltr'>non</span> <span class='ocrx_word' id='word_1_283' title='bbox 468 3886 591 3946; x_wconf 88' lang='lat' dir='ltr'>mutata</span> <span class='ocrx_word' id='word_1_284' title='bbox 612 3882 732 3966; x_wconf 86' lang='lat' dir='ltr'>integri</span> <span class='ocrx_word' id='word_1_285' title='bbox 755 3882 913 3945; x_wconf 84' lang='lat' dir='ltr'>enuntiati</span> <span class='ocrx_word' id='word_1_286' title='bbox 937 3880 1203 3964; x_wconf 86' lang='lat' dir='ltr'>conformatione,</span> <span class='ocrx_word' id='word_1_287' title='bbox 1221 3881 1370 3967; x_wconf 80' lang='lat' dir='ltr'>legitime</span> 
     </span>
     <span class='ocr_line' id='line_1_34' title="bbox 216 3990 1375 4079; baseline 0.001 -23"><span class='ocrx_word' id='word_1_288' title='bbox 216 3998 248 4057; x_wconf 91' lang='lat' dir='ltr'>et</span> <span class='ocrx_word' id='word_1_289' title='bbox 276 3995 441 4079; x_wconf 89' lang='lat' dir='ltr'>eleganter</span> <span class='ocrx_word' id='word_1_290' title='bbox 468 3993 600 4078; x_wconf 85' lang='lat' dir='ltr'>posset?</span> <span class='ocrx_word' id='word_1_291' title='bbox 628 4014 684 4057; x_wconf 90' lang='lat' dir='ltr'>cur</span> <span class='ocrx_word' id='word_1_292' title='bbox 717 3998 800 4072; x_wconf 80' lang='lat' dir='ltr'>ipsas</span> <span class='ocrx_word' id='word_1_293' title='bbox 827 4004 948 4072; x_wconf 78' lang='lat' dir='ltr'>captust</span> <span class='ocrx_word' id='word_1_294' title='bbox 978 3990 1090 4055; x_wconf 84' lang='lat' dir='ltr'>mallet</span> <span class='ocrx_word' id='word_1_295' title='bbox 1116 4012 1215 4075; x_wconf 85' lang='lat' dir='ltr'>quam</span> <span class='ocrx_word' id='word_1_296' title='bbox 1249 4007 1375 4075; x_wconf 78' lang='lat' dir='ltr'>captust</span> 
     </span>
     <span class='ocr_line' id='line_1_35' title="bbox 215 4090 1374 4188; baseline 0.003 -21"><span class='ocrx_word' id='word_1_297' title='bbox 215 4110 297 4184; x_wconf 81' lang='lat' dir='ltr'>ipsus</span> <span class='ocrx_word' id='word_1_298' title='bbox 313 4090 477 4168; x_wconf 76' lang='lat' dir='ltr'>scribere?</span> <span class='ocrx_word' id='word_1_299' title='bbox 501 4104 556 4186; x_wconf 81' lang='lat' dir='ltr'>At,</span> <span class='ocrx_word' id='word_1_300' title='bbox 580 4103 695 4187; x_wconf 78' lang='lat' dir='ltr'>inquit,</span> <span class='ocrx_word' id='word_1_301' title='bbox 712 4104 732 4167; x_wconf 82' lang='grc' dir='ltr'>ἃ</span> <span class='ocrx_word' id='word_1_302' title='bbox 748 4104 933 4188; x_wconf 80' lang='grc' dir='ltr'>γέγραπται,</span> <span class='ocrx_word' id='word_1_303' title='bbox 955 4104 1141 4182; x_wconf 87' lang='grc' dir='ltr'>γέγραπται.</span> <span class='ocrx_word' id='word_1_304' title='bbox 1173 4100 1259 4167; x_wconf 84' lang='grc' dir='ltr'><strong>ΝοΙο</strong></span> <span class='ocrx_word' id='word_1_305' title='bbox 1275 4097 1374 4170; x_wconf 78' lang='lat' dir='ltr'>huius</span> 
     </span>
    </p>
   </div>
   <div class='ocr_carea' id='block_1_3' title="bbox 216 4261 416 4270">
    <p class='ocr_par' dir='ltr' id='par_1_3' title="bbox 216 4261 416 4270">
     <span class='ocr_line' id='line_1_36' title="bbox 216 4261 416 4270; baseline 0.015 -3"><span class='ocrx_word' id='word_1_306' title='bbox 216 4261 416 4270; x_wconf 78' lang='lat'>—-——..-.-</span> 
     </span>
    </p>
   </div>
   <div class='ocr_carea' id='block_1_4' title="bbox 219 4326 1227 4412">
    <p class='ocr_par' dir='ltr' id='par_1_4' title="bbox 219 4326 1227 4412">
     <span class='ocr_line' id='line_1_37' title="bbox 219 4326 1227 4412; baseline 0.029 -41"><span class='ocrx_word' id='word_1_307' title='bbox 219 4326 222 4330; x_wconf 77' lang='grc'><em>’</em></span> <span class='ocrx_word' id='word_1_308' title='bbox 283 4342 307 4407; x_wconf 71' lang='lat' dir='ltr'>s)</span> <span class='ocrx_word' id='word_1_309' title='bbox 327 4339 410 4411; x_wconf 64' lang='lat' dir='ltr'>[vide</span> <span class='ocrx_word' id='word_1_310' title='bbox 432 4341 541 4410; x_wconf 65' lang='lat' dir='ltr'>proleg,</span> <span class='ocrx_word' id='word_1_311' title='bbox 559 4360 586 4411; x_wconf 74' lang='lat' dir='ltr'>p,</span> <span class='ocrx_word' id='word_1_312' title='bbox 607 4340 667 4396; x_wconf 81' lang='lat' dir='ltr'>CIX</span> <span class='ocrx_word' id='word_1_313' title='bbox 684 4358 724 4409; x_wconf 81' lang='lat' dir='ltr'>sq.</span> <span class='ocrx_word' id='word_1_314' title='bbox 745 4344 773 4396; x_wconf 83' lang='lat' dir='ltr'>at</span> <span class='ocrx_word' id='word_1_315' title='bbox 791 4340 859 4397; x_wconf 88' lang='lat' dir='ltr'>Mus.</span> <span class='ocrx_word' id='word_1_316' title='bbox 879 4339 966 4396; x_wconf 79' lang='lat' dir='ltr'>[then.</span> <span class='ocrx_word' id='word_1_317' title='bbox 986 4338 1037 4395; x_wconf 88' lang='lat' dir='ltr'>VII</span> <span class='ocrx_word' id='word_1_318' title='bbox 1056 4359 1084 4412; x_wconf 91' lang='lat' dir='ltr'>p.</span> <span class='ocrx_word' id='word_1_319' title='bbox 1104 4346 1155 4397; x_wconf 78' lang='lat'>599</span> <span class='ocrx_word' id='word_1_320' title='bbox 1173 4342 1227 4412; x_wconf 62' lang='lat' dir='ltr'>stt]</span> 
     </span>
    </p>
   </div>
   <div class='ocr_carea' id='block_1_5' title="bbox 0 0 1478 5010">
    <p class='ocr_par' dir='ltr' id='par_1_5' title="bbox 0 0 1478 5010">
     <span class='ocr_line' id='line_1_38' title="bbox 0 0 1478 5010; baseline 0 1"><span class='ocrx_word' id='word_1_321' title='bbox 0 0 1478 5010; x_wconf 95' lang='lat' dir='ltr'> </span> 
     </span>
    </p>
   </div>
  </div>
 </body>
</html>
