2946 5010
572 280 582 310 2

239 324 304 389 430
596 339 814 401 vaarnoovm
836 339 1022 388 rnrvrmi.

241 514 348 557 versus
375 494 505 558 initium
533 494 668 559 traiecta
696 493 783 559 hunc
808 495 914 579 ipsum
935 495 988 559 vix
1011 495 1085 560 ullis
1107 495 1266 560 machinis
1289 516 1370 579 expe-

239 603 318 687 dias,
342 604 397 688 qui
419 626 506 669 nunc
529 626 563 669 se
584 604 684 669 habet
705 605 937 692 rectissime*):
1012 601 1014 608 ‘

324 745 411 805 Etsi
434 746 494 805 alia
514 747 574 805 huc
595 766 684 806 causa
707 747 744 804 ad
767 751 797 805 te
820 746 937 821 tdveni,
961 766 1089 824 aequom
1111 748 1258 823 postulas.

239 876 308 940 Nec
329 877 445 940 mirum
466 878 531 941 iam
552 876 703 941 Plautina
725 881 831 942 aetate
855 879 1000 942 contrahi
1024 900 1094 942 eam
1108 900 1219 944 vocem
1235 882 1376 964 coeptam

239 1009 319 1070 esse,
329 999 431 1072 'quarn
447 1009 513 1052 non
528 988 591 1051 nisi
608 991 807 1052 contractam
818 987 988 1052 Terentius
1002 988 1103 1071 novit,
1119 992 1171 1053 ter
1185 990 1240 1054 ille
1257 997 1383 1068 turpare

238 1099 335 1162 vcrbo
349 1120 436 1182 usus,
454 1099 579 1163 sexiens
596 1099 780 1182 composita.
803 1098 948 1184 Itemque
964 1103 1039 1163 ante
1053 1099 1242 1164 Terentium
1254 1100 1384 1164 Ennius

237 1209 272 1271 in
287 1207 459 1294 Iphigenia
485 1211 526 1297 [v.
545 1209 605 1273 193
620 1207 660 1273 R.
677 1208 740 1272 264
753 1207 823 1298 V.]:
846 1212 1006 1276 Menelaus
1024 1231 1070 1274 me
1085 1212 1241 1291 ohidrpat:
1263 1218 1297 1276 id
1310 1219 1387 1275 mers

237 1321 328 1384 retus
349 1327 481 1399 reqimea
505 1323 636 1385 re'ste'tat.
667 1320 714 1385 Vt
735 1319 818 1384 nihil
840 1319 944 1384 dicam
967 1321 1006 1385 de
1021 1320 1180 1404 dactylico
1202 1323 1386 1386 carminum

238 1451 372 1514 genere,
403 1430 442 1494 ad
470 1430 553 1515 quod
575 1429 732 1496 Varronis
754 1431 788 1495 in
815 1432 918 1498 Ὄνου
944 1433 1026 1516 λύρᾳ
1047 1431 1104 1495 illa
1130 1433 1217 1515 apud
1239 1431 1385 1507 Nonium

238 1562 269 1623 p.
297 1540 356 1605 182
379 1544 411 1605 et
432 1541 496 1606 230
518 1541 692 1625 pertinent,
716 1541 838 1606 duobus
860 1541 1054 1606 hexametris
1076 1541 1195 1606 talibus
1217 1542 1286 1608 fere
1309 1565 1384 1607 con-

239 1650 410 1716 cludenda:

365 1792 488 1869 Iurgare
511 1795 629 1869 occepit
651 1795 767 1854 dicens:
792 1815 868 1870 quac
890 1801 948 1853 iam
970 1794 1066 1854 facis?
1088 1804 1115 1853 et
1137 1816 1213 1871 quor

365 1877 402 1936 In
424 1879 548 1954 volgum
569 1879 675 1956 volgae
698 1883 853 1955 artemque
876 1880 1026 1955 expromis
1047 1878 1249 1960 inerteml**)

324 2024 493 2089 Simillima
515 2026 597 2090 ratio
620 2030 653 2090 et
676 2028 821 2092 condicio
843 2030 893 2091 est
911 2018 1087 2108 purpure
1108 2029 1198 2093 verbi
1224 2052 1296 2093 curn
1316 2029 1371 2092 suis

240 2136 422 2220 compositis
450 2140 483 2202 et
505 2137 666 2201 derivatis.
712 2138 783 2203 Nisi
810 2138 893 2222 quod
922 2142 955 2202 et
981 2142 1125 2203 servatae
1147 2147 1161 2203 i
1180 2140 1308 2205 litterae
1329 2161 1370 2203 ex-

239 2246 388 2331 emplum,
412 2247 505 2332 quale
521 2270 538 2312 e
553 2247 709 2313 Varronis
731 2248 852 2312 Rerum
866 2252 944 2313 rust.
968 2248 1010 2332 H,
1034 2250 1066 2332 4,
1092 2250 1131 2313 14
1154 2250 1372 2315 Lachmannus

237 2359 382 2442 protulit,
405 2359 440 2423 in
460 2358 551 2424 libris
566 2359 726 2424 Plautinis
748 2359 842 2423 hodie
864 2358 988 2423 nullum
1010 2363 1166 2445 superest,
1191 2364 1225 2425 et
1248 2361 1373 2426 extritae

305 2642 330 2709 *)
354 2642 416 2695 Non
438 2644 513 2696 recte
536 2641 610 2695 enim
631 2640 705 2695 hunc
722 2657 831 2695 versum
850 2640 1074 2696 Schneidewinos
1091 2641 1227 2695 tractavit
1244 2640 1376 2711 Philologi

238 2737 257 2788 t.
271 2734 332 2805 Vp.
347 2742 396 2790 376
409 2754 449 2804 sq.
475 2735 530 2789 Vbi
548 2734 786 2804 perversissimam
805 2734 899 2788 dicens
911 2735 984 2789 hanc
996 2733 1177 2789 sententiam:
1198 2736 1263 2789 ‘bin
1274 2736 1320 2791 ich
1332 2754 1377 2790 aas

237 2829 356 2882 anderer
378 2829 578 2898 veranlassung
599 2847 633 2882 zu
655 2828 698 2882 dir
721 2829 900 2896 gckornmen,
924 2845 956 2881 so
978 2828 1015 2881 ist
1033 2827 1117 2882 doch
1136 2828 1202 2883 dein
1220 2830 1377 2899 verlangen

238 2921 301 2974 dass
318 2921 364 2974 ich
382 2921 458 2975 tadcl
475 2922 619 2988 verdiene,
638 2922 777 2990 geracht'‚
801 2939 851 2975 suo
868 2921 928 2976 iure
947 2922 1047 2975 utitur:
1071 2940 1127 2976 non
1146 2921 1242 2987 utitur,
1262 2940 1325 2976 cum
1344 2923 1379 2976 sic

237 3014 269 3065 ut
286 3013 352 3066 fecit
370 3016 506 3068 convertit
523 3016 610 3069 verba
627 3016 694 3069 satis
712 3015 804 3084 plana.
829 3014 926 3082 Neque
945 3015 1018 3069 enim
1037 3014 1196 3069 concessiva
1215 3018 1259 3069 est
1277 3021 1306 3074 si
1321 3034 1380 3086 par·

237 3106 322 3160 ticula
338 3108 484 3175 tamquam
505 3126 556 3178 pro
576 3113 630 3166 etsi
645 3109 752 3178 posita,
777 3108 826 3162 sed
845 3108 1041 3163 condicionalis
1059 3108 1238 3178 simpliciter:
1268 3109 1310 3163 ‘si
1328 3110 1382 3164 alia

237 3199 290 3252 nisi
308 3202 336 3254 te
355 3200 522 3269 obiurgandi
540 3219 638 3256 caussa
655 3203 709 3256 huc
721 3201 829 3268 adveni,
849 3218 968 3271 aequom
985 3202 1125 3271 postulas’
1146 3202 1221 3270 (he.
1237 3203 1316 3257 ‘iure
1334 3206 1381 3257 tuo

237 3293 363 3362 uteris’):
383 3311 437 3361 quo
450 3294 479 3347 id
491 3295 589 3364 ipsum,
610 3296 684 3364 quod
703 3294 810 3365 expetit
828 3294 1061 3362 Schneidewinus,
1080 3295 1148 3349 dicit
1161 3295 1299 3364 Callicles,
1319 3315 1383 3351 non

236 3387 292 3441 alia
311 3405 340 3442 se
359 3405 457 3442 caussa
474 3388 626 3442 advenisse.
654 3389 838 3460 [‘Tn'nummi
856 3407 967 3444 versum
985 3394 1018 3443 96
1036 3406 1070 3442 ne
1089 3406 1162 3443 nunc
1180 3389 1297 3457 quidem
1316 3390 1384 3444 mihi

236 3481 391 3551 persuadeo
406 3482 443 3535 ad
461 3483 546 3536 talem
569 3483 689 3552 speciem
708 3483 896 3536 revocandum
914 3500 983 3549 esse,
1002 3483 1113 3552 qualem
1131 3499 1194 3537 cum
1213 3482 1384 3538 Frimschius

235 3574 264 3628 in
282 3575 425 3645 prooemio
444 3575 527 3630 schol.
547 3577 677 3630 Rostoch.
698 3576 807 3630 hibern.
828 3594 852 3631 a.
874 3582 939 3631 1849
956 3581 1013 3646 p.4
1031 3577 1091 3629 tum
1108 3575 1309 3632 Fleckeisenus
1328 3578 1384 3647 epi-

236 3669 324 3723 stulae
343 3669 377 3723 de
395 3671 450 3724 vet.
464 3671 539 3740 poet.
553 3669 601 3724 lat.
614 3672 714 3738 fragm.
729 3669 798 3723 Gell.
812 3689 838 3739 p.
851 3676 883 3723 m
896 3688 937 3738 sq.
957 3669 1208 3724 commendarunt)
1234 3672 1276 3737 (E
1285 3675 1384 3741 praef.

234 3765 383 3833 Decodis.)
402 3795 434 3801 —
452 3763 582 3818 Ceterum
600 3763 634 3816 de
652 3764 705 3817 hoc
723 3762 790 3817 alibi
808 3763 910 3833 agendi
928 3764 1004 3817 locus
1022 3762 1098 3833 erit]

303 3859 343 3928 **)
364 3857 551 3927 [Seiungenda
569 3874 587 3911 a
603 3858 705 3926 poetae
723 3857 816 3911 verbis
835 3860 862 3911 et
879 3857 934 3927 ipsi
951 3855 1071 3911 Varroni
1088 3855 1242 3912 tribuenda
1261 3863 1385 3930 turpare

236 3956 326 4021 coepit
349 3954 447 4009 dicens
466 3969 528 4006 cum
546 3950 672 4004 Vahleno
690 3951 749 4004 aisa
766 3952 830 4003 sunt
851 3951 880 4004 in
903 3949 1093 4004 Coniectaneis
1115 3948 1144 4003 in
1165 3949 1249 4006 Varr.
1269 3958 1384 4009 saturas

235 4064 262 4114 p.
283 4051 313 4097 12
332 4047 391 4097 turn
409 4045 530 4098 Luciano
548 4044 682 4099 Muellero
705 4044 739 4098 de
758 4061 786 4097 re
804 4044 921 4099 metrica
938 4063 965 4113 p.
984 4048 1029 4098 86:
1060 4059 1178 4111 quorum
1196 4044 1263 4099 hnic
1287 4066 1386 4103 versus

236 4138 430 4207 anapaesticus
448 4138 513 4192 talis
531 4138 637 4208 placuit

303 4255 380 4320 Quae
398 4259 458 4323 scis,
477 4275 530 4327 age
543 4258 607 4326 quei
624 4256 652 4311 in
671 4258 785 4326 vulgum
804 4256 902 4326 vulgas
920 4258 1065 4323 artemque
1084 4256 1225 4326 exlrromis
1242 4257 1384 4314 inertem?

235 4375 263 4431 id
282 4375 356 4443 quod
375 4376 411 4428 ab
429 4377 471 4430 Al.
491 4377 583 4432 Itiesio
603 4380 760 4446 susceptum
780 4380 823 4430 est
840 4395 867 4446 p.
888 4379 956 4446 182]
