2986 5004
478 343 701 393 coosssruvn
723 345 938 393 ertavrruvu.
1217 333 1278 396 241
1304 359 1306 363 ’

220 500 271 563 21.
288 500 331 561 22
353 504 496 562 ductim
512 500 545 561 61
559 495 769 564 ἀπνευστί
789 500 935 564 dubitare
951 500 1016 564 noli
1033 500 1110 584 quin
1126 502 1166 565 ad
1181 525 1280 566 unum

135 609 335 694 eundemque
358 609 463 671 locum
485 611 633 692 spectent
654 609 855 674 Curculionis
878 611 903 693 1,
927 611 958 694 2,
986 612 1023 676 13
1047 611 1155 697 (109)
1181 620 1279 692 ipsum

134 724 247 800 eupeto
264 722 413 799 Ta'nqere,
437 722 599 798 inve'rqere
612 727 643 784 in
666 724 716 785 me'
733 723 868 800 liquores
882 733 958 799 tuor,
983 723 1064 799 stne,
1089 723 1209 788 eluctata.
1226 730 1281 787 sed

134 837 195 895 itae
210 832 295 908 iniit,
313 836 373 894 itae
380 832 570 909 persequar..
596 829 660 894 Vbi
677 852 749 897 cum
763 831 963 896 Camerarius
986 832 1184 896 ‘adverbium
1205 833 1278 898 hoc’

134 941 242 1026 inquit
265 943 316 1004 ‘et
336 938 521 1004 Priscianus
544 944 713 1006 annotavit
727 945 760 1005 et
781 942 1011 1026 interpretatus
1033 942 1097 1007 fuit
1118 943 1277 1027 duveucri,
1378 1020 1382 1027 Ι

135 1053 218 1137 quod
241 1050 435 1136 significavit
455 1047 490 1114 in
514 1050 652 1114 bibendo
675 1051 860 1115 aviditatem
883 1055 915 1116 et
937 1052 1091 1137 copiam’‚
1115 1053 1202 1117 haud
1223 1054 1278 1118 du-

74 1217 78 1221 ,
135 1163 188 1226 116
222 1162 326 1245 ipsum
359 1160 419 1224 hoc
441 1159 633 1244 glossarium
655 1162 688 1227 in
711 1166 820 1226 mente
842 1162 956 1226 habuit
977 1163 1012 1227 in
1034 1164 1141 1247 aliquo
1162 1162 1278 1227 Prisci·

135 1273 191 1337 ani
227 1272 333 1336 codice
362 1271 424 1335 sibi
446 1271 574 1336 lectum.
619 1270 704 1335 Nam
726 1273 811 1355 apud
834 1273 1035 1338 Priscianum
1056 1272 1118 1337 XV
1139 1296 1171 1357 p.
1197 1274 1278 1338 1013

136 1383 193 1468 (15
214 1381 273 1466 Η.)
302 1380 383 1445 nihil
406 1384 511 1445 exstat
532 1384 659 1466 praeter
681 1382 775 1447 haec:
813 1405 833 1446 a
856 1389 948 1449 ductu
972 1389 1127 1451 ‘ductim’.
1151 1389 1279 1448 Plautus

136 1501 168 1557 in
193 1498 389 1557 Curculione:
428 1497 510 1555 ‘sine
532 1498 658 1569 ductim,
694 1500 748 1556 seu
779 1500 856 1558 ituec
878 1500 970 1572 abiit,
1004 1501 1064 1560 itae
1082 1500 1277 1574 persequar?

137 1603 218 1670 Cum
250 1602 312 1666 hoc
344 1601 444 1686 igitur
477 1608 588 1666 ductim
618 1603 767 1667 adverbio
789 1608 879 1668 vetus
901 1603 1008 1668 Plauti
1030 1604 1190 1689 interpres
1211 1628 1278 1669 non

135 1714 285 1777 indoctus
308 1712 486 1796 composuit
507 1735 658 1798 graccum
681 1715 831 1782 duveucrl
852 1715 973 1797 πίνειν,
998 1716 1086 1779 cuius
1108 1715 1277 1781 locutionis

137 1824 285 1908 exempla
318 1822 353 1886 L.
377 1821 562 1888 Dindorfius
594 1824 727 1907 praebet
748 1825 904 1889 Thesauri
925 1825 952 1908 Ι,
982 1825 1056 1910 2p.
1082 1826 1173 1891 1351.
1218 1825 1277 1890 Ρ5-

134 1957 206 1999 rum
240 1934 326 1998 enim
359 1933 466 2017 sapiat
497 1956 548 1998 me
581 1933 703 2008 iudice,
738 1937 791 2019 qui
825 1934 979 2000 aPlauto
1007 1936 1187 2021 profectum
1209 1958 1277 2001 esse

136 2048 217 2123 Sine,
241 2042 416 2109 ἀπνευστί.
439 2050 494 2108 sed
513 2050 573 2110 bue
589 2047 663 2110 uita
678 2045 739 2110 sibi
760 2046 969 2130 persuadeat:
992 2045 1119 2130 quando
1135 2051 1168 2111 et
1181 2047 1278 2111 nimis

134 2156 327 2240 exquisitum
358 2154 464 2237 ipsum
491 2155 570 2219 illud
593 2163 706 2222 ductim
729 2156 912 2220 adverbium
936 2160 985 2220 est
1005 2178 1101 2240 quam
1123 2157 1207 2240 quod
1229 2158 1277 2220 in·

135 2267 269 2350 terprcti
291 2265 426 2348 tribuas,
450 2269 483 2330 et
504 2266 664 2331 sordidam
686 2266 724 2330 de
746 2266 839 2350 plebe
861 2288 959 2330 anum
982 2267 1032 2331 vix
1053 2267 1144 2331 decet
1161 2289 1277 2351 graece

134 2378 233 2460 loqui.
257 2415 299 2424 —
332 2375 480 2441 Ceterum
503 2381 535 2441 et
556 2377 658 2442 Vetus
679 2376 787 2441 Plauti
811 2380 844 2439 61
863 2376 1022 2440 Prisciani
1044 2377 1187 2461 plerique
1210 2384 1276 2441 sino

133 2487 317 2572 prodidere,
353 2490 530 2552 correctum
562 2488 595 2552 id
617 2487 744 2572 quidem
776 2487 841 2550 iam
870 2486 1034 2569 aDousa3
1071 2490 1275 2550 morantem

136 2597 221 2661 idem
243 2598 296 2661 ille
318 2603 396 2662 ltuec
417 2603 492 2662 abiit
513 2620 532 2661 a
554 2620 596 2663 m.
620 2621 669 2683 pr.
715 2596 790 2662 Sola
811 2597 990 2661 masculina
1012 2598 1116 2661 forma
1137 2605 1220 2662 sinus
1242 2600 1275 2662 61

134 2709 266 2772 Plautus
288 2730 363 2771 usus
386 2712 434 2772 est
455 2708 542 2791 alibi,
567 2708 660 2775 Cure.
684 2708 711 2791 I,
737 2712 765 2790 1,
790 2708 841 2790 82,
865 2706 948 2771 Rud.
972 2706 1013 2790 V,
1036 2707 1067 2790 2,
1091 2707 1133 2773 32
1149 2706 1273 2792 (1319),

132 2824 168 2883 61
190 2819 268 2882 Atta
289 2841 319 2881 v.
346 2819 386 2882 10
406 2842 438 2903 p.
465 2819 524 2884 138
547 2818 608 2883 a:
631 2818 715 2882 unde
738 2818 776 2882 de
800 2815 981 2882 accusativo
1002 2825 1100 2883 sinum
1123 2818 1216 2884 Cure.
1246 2818 1272 2904 Ι,

136 2931 165 3011 1,
190 2929 231 2992 ’15
253 2928 435 2992 existimare
457 2929 543 2993 licet.

219 3039 259 3103 23
281 3047 469 3104 uuariter:
515 3039 715 3105 Curculionis
748 3039 774 3122 Ι,
798 3040 835 3121 2,
859 3039 901 3104 35
923 3039 1012 3123 (126)
1036 3045 1102 3105 Hoc
1125 3042 1209 3119 uide,
1244 3053 1277 3107 ut

130 3157 304 3230 iuqicraiiat
324 3151 446 3229 i'inpura
468 3156 545 3215 baec
566 3171 680 3214 merum
703 3153 838 3215 uuuraer
859 3155 1016 3216 haustibus
1035 3153 1152 3231 pte'nia:
1180 3173 1275 3235 quem

131 3283 261 3325 versum
283 3260 523 3344 anapaesticum
545 3259 709 3344 descripsi,
733 3282 925 3344 quamquam
946 3261 1051 3326 satem
1066 3261 1104 3325 de
1119 3267 1274 3327 haustibus

130 3372 193 3451 (cf.
212 3371 303 3435 Ovid.
316 3370 403 3435 Fast.
424 3370 483 3453 ΠΙ,
500 3370 577 3455 274)
599 3392 666 3434 non
687 3391 797 3434 omnes
819 3370 899 3434 mihi
921 3372 1086 3456 scrupulos
1109 3375 1273 3455 exemptos

128 3503 216 3547 esse.
257 3485 402 3558 saucibus
432 3482 518 3546 enim
540 3481 705 3546 sciendum
727 3483 776 3545 est
797 3481 944 3545 omnibus
966 3480 1082 3547 litteris
1104 3482 1139 3545 in
1161 3503 1273 3545 rasura

127 3591 287 3677 scripturn
321 3591 469 3656 exhibere
492 3592 652 3656 Veterem.
676 3591 847 3656 Praeterea
884 3598 959 3657 ituec
981 3592 1073 3676 posui
1095 3600 1207 3677 proin
1230 3615 1271 3671 se,

125 3725 216 3789 quae
237 3703 406 3787 interpreti
428 3702 535 3766 deberi
562 3703 715 3787 suspicor.

217 3813 260 3876 24
292 3819 667 3891 nudiusquartus:
705 3812 797 3877 Oura.
832 3812 863 3896 1,
898 3814 935 3895 3,
970 3813 1013 3877 50
1046 3814 1164 3905 (2011)
1202 3811 1273 3875 vide

123 3924 169 3989 ad
201 3927 221 4004 ξ
248 3924 295 3987 11.

216 4034 259 4097 25
277 4041 490 4113 protinam:
514 4033 557 4097 ib.
581 4033 624 4116 Π,
648 4036 679 4116 3,
703 4034 745 4098 84
767 4033 872 4119 (336)
897 4033 967 4097 vide
990 4033 1031 4096 ad
1053 4036 1073 4114 ξ
1099 4033 1147 4097 15.

215 4144 258 4207 26
276 4146 543 4219 frustillatim:
579 4143 670 4209 Ourc.
692 4143 749 4226 IV,
785 4144 822 4226 4,
857 4144 899 4207 20
931 4143 1022 4228 (576)
1055 4147 1122 4206 Iam
1154 4144 1211 4220 ἐρα
1243 4153 1272 4206 te

112 4261 247 4338 facium
271 4263 303 4316 ut
324 4254 373 4318 in'e
391 4257 545 4329 formicae
563 4254 756 4330 frustillatim
779 4255 935 4334 differunt.

214 4364 258 4430 27
281 4368 490 4427 mordicus:
514 4363 632 4427 ibidem
654 4363 694 4446 V,
722 4364 749 4447 1,
774 4364 791 4427 1
816 4362 906 4450 (597)
930 4365 1016 4442 Ne'po
1037 4383 1084 4428 ute
1105 4367 1215 4428 dicere.
1240 4364 1271 4429 tit
