2948 4994
446 351 667 406 puossanrvru
691 328 904 400 cnairmvu.
1185 340 1249 405 245

107 509 192 573 tibus
215 511 383 592 peccatum
412 529 481 570 esse
500 514 644 587 protinas
664 507 726 590 ipsi
750 508 873 571 numeri
898 508 1050 572 clamant.
1082 548 1124 557 —
1157 509 1248 575 Cete-

106 642 174 683 rum
209 618 421 702 antiquiorem
437 618 467 703 *)
504 630 664 697 protanam
700 620 866 701 (protenus)
906 619 1115 704 scripturam,
1159 621 1248 685 cuius

105 733 233 814 praeter
254 729 471 793 Mostellariae
501 728 608 792 locum
640 750 665 791 s.
689 750 714 793 s.
749 729 874 793 nullum
906 729 940 792 in
964 729 1135 794 Plautinisr
1157 731 1247 795 libris

106 840 278 925 vestigium
306 839 469 921 relictum,
505 837 630 902 Nonius
653 861 684 923 p.
709 839 771 903 376
794 841 933 904 servavit
956 862 1026 904 curn
1049 841 1084 905 in
1107 840 1247 907 Curculi-

105 974 165 1017 one
186 955 257 1015 tum
279 949 408 1014 tertiam
426 956 565 1029 protenis
585 949 722 1012 formam
744 952 869 1014 testans
891 951 926 1014 in
948 950 1077 1015 Afranii
1101 973 1139 1016 ex
1153 951 1247 1036 Epis-

104 1062 172 1126 tula
205 1083 316 1144 versu,
352 1060 440 1124 cuius
473 1059 570 1124 rerba
602 1059 719 1123 leniter
750 1061 949 1146 transposita
976 1084 1027 1126 me
1049 1083 1178 1126 suasore
1200 1063 1247 1127 sic

104 1172 283 1236 dimetiere:
324 1194 342 1223 ι
359 1205 377 1224 υ
405 1173 594 1235 comissatum
618 1178 757 1250 prolenis
779 1172 967 1251 dr'predimur
989 1176 1074 1238 recta'
1097 1180 1156 1250 aia,
1180 1194 1246 1237 non

104 1284 149 1347 sic
171 1283 331 1366 dispesces
354 1304 426 1346 cum
447 1280 626 1347 Ribbeckio
648 1302 718 1344 meo
741 1283 784 1364 (v.
814 1282 902 1366 lO‘llt
925 1335 944 1352 υ
968 1287 1156 1349 criminatam
1173 1287 1246 1363 prd

104 1401 179 1458 tanis
201 1395 286 1458 recta'
308 1400 357 1457 via
380 1394 587 1471 Dipre'dimar.
644 1391 729 1455 Nam
760 1392 821 1456 etsi
849 1393 1040 1477 dactylicam
1062 1415 1246 1458 mensuram

67 1535 74 1541 ·
100 1515 246 1584 protenus
273 1503 420 1567 vocabuli
448 1501 598 1586 dactylici
626 1505 700 1586 post
727 1501 971 1590 Lucretium**)
992 1506 1107 1589 poetae
1134 1526 1245 1588 perpe·

104 1616 239 1678 tuarunt
259 1636 347 1696 sane,
370 1617 479 1677 tamen
499 1613 662 1676 scaenicos
683 1634 884 1697 nequaquam
908 1614 1059 1678 credibile
1081 1620 1131 1678 est
1152 1614 1246 1679 aliter

100 1733 242 1807 protinas
264 1727 360 1808 atque
378 1731 536 1804 protinam
559 1722 728 1787 extulisse:
762 1723 823 1788 hoc
846 1728 955 1788 autem
976 1747 1072 1809 quem
1095 1729 1245 1789 constan·

104 1840 153 1900 ter
175 1834 485 1919 antepaenultirnam
508 1832 669 1917 corripiat,
694 1837 823 1918 praeter
845 1857 882 1898 ea
905 1857 986 1919 quae
1008 1858 1033 1899 s.
1052 1858 1077 1899 s.
1094 1859 1120 1900 s.
1138 1839 1245 1901 cetera

104 1946 249 2030 exempla
282 1944 361 2009 haec
390 1947 566 2009 testantur:
600 1942 719 2008 Bacch.
742 1943 800 2020 ΙΙΙ,
828 1948 854 2027 1,
879 1947 896 2010 7
921 1947 1011 2031 (374)
1034 1949 1084 2011 me
1103 1955 1244 2012 continno

104 2062 218 2122 cdntali
234 2063 388 2137 protinam
412 2058 441 2119 in
459 2061 569 2137 pedes3
592 2054 627 2118 in
643 2054 785 2118 Astraba
808 2056 891 2140 apud
916 2056 1058 2121 Nonium
1080 2079 1151 2112 -w-
1167 2063 1245 2121 dare

99 2172 231 2249 pedibas
248 2173 404 2247 protinam
431 2168 498 2229 sc'sc
518 2170 557 2228 ab
578 2171 625 2229 tris
646 2168 832 2249 repidnibns3
865 2166 900 2230 in
924 2165 1038 2231 Colace
1060 2166 1175 2231 Naevii
1199 2169 1242 2252 (v.
1271 2180 1273 2183 ’

103 2280 144 2344 35
166 2278 222 2363 R.)
257 2278 339 2362 apud
363 2277 498 2340 eundem
527 2281 585 2340 Vbi
606 2277 683 2358 vidi,
718 2278 963 2340 exanimabititer
984 2283 1096 2342 timidis
1116 2283 1244 2357 peditus

101 2397 254 2469 protinam
276 2391 326 2452 mc'
345 2394 431 2469 dedi3
453 2385 597 2450 Terentii
619 2385 748 2450 Phorm.
772 2386 798 2468 Ι,
823 2387 854 2469 4,
881 2388 919 2450 13
943 2386 1034 2471 (190)
1057 2399 1148 2467 atquc
1173 2393 1243 2452 trina

103 2523 149 2564 me
166 2504 321 2580 protinam
350 2505 517 2563 conica-cm
545 2498 576 2561 in
593 2503 699 2577 pedes.
755 2495 852 2560 Hunc
885 2496 971 2559 enim
1003 2519 1098 2580 quem
1131 2497 1243 2562 ultimo

103 2612 172 2675 loco
203 2609 293 2694 posui
327 2630 453 2673 versum
482 2607 619 2671 dubitari
644 2607 756 2691 nequit
777 2607 855 2691 quin
878 2606 1054 2671 rectissime
1076 2607 1123 2672 ita
1145 2606 1242 2672 Bent

102 2722 181 2785 laius
204 2720 380 2784 restituerit
401 2719 496 2783 Festo
518 2717 708 2802 Donatoque
730 2717 880 2799 ducibus,
915 2717 1029 2801 quibus
1051 2740 1138 2786 nunc
1160 2721 1242 2783 teste

103 2840 207 2904 Keilio
244 2838 381 2904 Clrausii
423 2839 520 2902 codex
564 2837 688 2902 accedit
725 2833 882 2916 protinam·
919 2836 1073 2901 exhibens
1108 2860 1140 2920 p.
1179 2838 1238 2901 211

103 2952 180 3036 (188
202 2950 255 3036 Ρ.)
287 2972 344 3034 pro
378 2970 415 3012 co
447 2948 531 3032 quod
553 2948 748 3032 vulgabatur
763 2955 924 3030 protinam,
958 2947 991 3011 id
1013 2947 1096 3032 quod
1118 2970 1184 3013 non
1206 2949 1241 3013 in

102 3060 201 3125 Nonii
234 3063 361 3124 tantum
383 3058 497 3141 libros,
532 3059 643 3122 sedin
666 3057 858 3122 Bembinum
882 3058 960 3122 adeo
982 3057 1241 3143 Vaticanumque

102 3171 201 3256 ipsius
235 3173 348 3255 poetae
380 3170 525 3253 inrepsit.
581 3167 693 3252 Neque
719 3168 798 3232 illud
821 3191 887 3232 non
910 3167 1122 3252 laudandum,
1158 3170 1242 3253 quod

102 3282 189 3346 Festi
223 3281 407 3344 testimonio
431 3280 603 3364 (epitomae
625 3302 657 3363 p.
681 3279 757 3361 226)
779 3279 941 3343 firmatum
963 3279 1108 3344 ordinem
1130 3280 1240 3343 verbo

101 3415 173 3456 rum
199 3394 353 3472 protinam
386 3394 552 3456 conicerem
585 3388 750 3453 Bentleius
786 3390 948 3453 revocarit
984 3411 1042 3474 pro
1074 3400 1240 3454 conicerem

98 3509 268 3584 protinnm3
300 3523 375 3564 nam
396 3501 431 3564 in
453 3499 667 3564 Bacchidibus
691 3521 745 3563 cur
767 3522 833 3563 non
854 3501 932 3563 item
949 3503 1104 3580 protinam
1126 3507 1242 3565 cantati

101 3616 133 3677 in
148 3618 245 3694 pedes
266 3611 380 3675 Plauto
401 3611 568 3695 placuerit,
591 3609 642 3674 vel
664 3611 699 3673 in
722 3608 910 3675 Curculione
930 3613 1082 3691 prdtinam
1104 3632 1151 3674 me
1172 3615 1240 3677 itico'

101 3728 182 3796 dedi,
207 3743 319 3785 caussa
341 3721 472 3785 minime
494 3720 580 3806 fugit
601 3742 805 3786 numerorum
827 3721 958 3805 peritos.

188 3833 227 3896 16
249 3838 508 3912 saepiuscule:
532 3834 586 3895 aut
609 3853 647 3894 ex
670 3831 843 3914 deperditis
866 3830 900 3893 in
923 3831 986 3894 fine
1009 3830 1145 3897 Oasinae
1167 3852 1239 3914 par-

101 3957 303 3964 ...ω-...κ-

168 4020 194 4085 *)
223 4019 266 4072 Ad
290 4017 406 4072 eandem
429 4016 603 4084 antiquitatis
624 4017 775 4083 rationem,
806 4015 862 4070 alia
879 4015 1000 4085 plurima
1018 4017 1049 4069 ut
1065 4033 1139 4070 uano
1158 4016 1238 4072 omit·

100 4115 172 4177 tam,
201 4112 341 4181 pertinere
359 4113 465 4180 potest,
492 4110 627 4178 siquando
650 4112 791 4169 antedicta
813 4108 947 4178 scriptum
965 4110 1008 4164 est
1024 4125 1076 4179 pro
1095 4113 1238 4179 antidicus,

100 4206 133 4260 ut
149 4204 250 4259 Bacch.
269 4204 322 4272 ΙΙΙ,
345 4209 373 4270 6,
393 4211 424 4258 10
447 4206 519 4271 (539)
538 4205 574 4270 et,
601 4205 632 4258 ut
654 4203 766 4273 quidem
789 4203 878 4258 visum
900 4206 956 4270 est,
984 4202 1083 4258 Pseud.
1103 4203 1142 4269 ΙΙ,
1160 4210 1188 4271 2,
1206 4210 1239 4258 26

101 4301 184 4366 (620):
203 4298 272 4352 item
290 4301 408 4355 antedeo
426 4297 526 4351 Bacch.
546 4296 579 4363 V,
600 4303 622 4362 1,
640 4305 656 4352 3
674 4299 770 4364 (1089).

168 4392 209 4462 **)
232 4390 271 4448 cf.
290 4389 442 4447 Lucanum
459 4389 623 4446 Muellerum
641 4389 675 4445 de
693 4407 723 4445 rs
741 4389 858 4447 metrica
874 4392 949 4463 poet.
968 4390 1017 4445 lat.
1036 4408 1063 4464 p.
1082 4395 1132 4444 405
1151 4407 1191 4464 sq.
