2992 4996
193 91 256 155 256
535 105 758 154 ouossliuvu
781 87 1008 152 acerrumus
1141 100 1326 150 *πμ

1353 158 1425 180 M

194 260 299 324 minus
321 258 462 322 iambum
485 259 645 342 aequabat
660 280 754 342 quam
773 259 982 322 substitutum
997 258 1031 320 in
1047 257 1115 320 eius
1129 256 1237 321 locum
1260 264 1339 323 lieri.

193 370 343 434 Posterae
359 370 485 433 demum
501 369 601 432 aetati
624 369 747 453 placuit
763 369 809 432 ita
831 368 890 432 has
911 367 1030 431 formas
1053 368 1266 454 distinguere,
1291 374 1340 453 ut,

193 481 249 545 ubi
270 479 455 565 pyrrhichio
482 501 562 565 opus
584 481 682 561 esset,
707 485 779 543 llere
806 479 972 563 probaret,
1002 484 1070 543 lieri
1095 485 1240 544 servaret
1262 481 1342 544 iam·

193 592 264 656 bico
286 612 434 655 numero:
456 612 519 675 quo
541 613 618 654 sanc
641 590 724 654 viam
747 593 919 674 paraverat
941 590 1159 672 corripiendac
1187 590 1224 654 in
1252 614 1341 656 seae-

102 759 103 777 ,
193 702 267 766 nica
294 701 382 785 poesi
410 702 477 765 sive
506 707 575 765 lieri
594 701 661 764 sive
684 706 756 764 llere
777 700 899 764 formae
921 701 1025 764 venia.
1055 738 1097 758 -ι-
1126 700 1277 765 Ceterum
1307 703 1342 766 iu

107 850 109 857 =
195 813 386 877 comicorum
409 833 467 874 usu
490 811 685 895 explorando
714 811 859 874 consulto
885 833 973 875 nunc
1000 811 1218 893 substitimus,
1248 835 1342 896 prae·

193 921 350 987 termissis
379 943 491 1006 parum
518 920 691 986 fructuosis
718 925 862 985 veterum
890 921 1116 1006 magistrorum
1145 923 1341 1007 praeceptis,

78 1078 79 1081 κ
194 1055 276 1118 quae
299 1032 476 1116 composita
497 1032 596 1096 habes
619 1033 654 1095 in
670 1030 790 1095 Handii
813 1030 994 1096 Tursellino
1016 1031 1105 1096 till
1128 1054 1159 1116 p.
1183 1017 1226 1096 6'2
1248 1055 1299 1118 sq.

146 1128 151 1137 ⁴
278 1146 320 1209 53
342 1150 591 1208 altrinsecus:
614 1141 772 1206 Rudentis
787 1141 844 1223 IV,
861 1142 893 1224 4,
920 1142 980 1205 ll4
1001 1141 1113 1229 (1158)
1137 1146 1209 1208 Pdsl
1231 1150 1343 1208 ultriu-

59 1337 62 1344 ,
193 1256 290 1321 secu'sl
317 1260 490 1318 securicula
516 1256 656 1333 (lumper,
687 1259 789 1316 uidem
820 1253 935 1316 aureo:
971 1252 1016 1316 sic
1043 1255 1130 1317 enim
1152 1254 1232 1318 duce
1256 1253 1343 1319 Pris-

58 1344 59 1352 4
195 1364 498 1449 eianoVIp.725
528 1362 926 1447 (281Η.)10115111611111.
972 1363 1093 1427 Eadem
1121 1364 1231 1449 glossa
1254 1365 1343 1429 infra

195 1480 347 1560 excerpta
369 1478 418 1538 est
440 1479 459 1555 ξ
482 1475 524 1538 54
546 1497 563 1537 c
586 1473 690 1537 Milite
717 1473 799 1558 glor.
823 1472 871 1555 Π,
895 1474 932 1555 5,
955 1474 997 1538 36
1020 1473 1110 1559 (446)
1134 1478 1207 1554 quin
1230 1483 1345 1541 retines

196 1590 383 1664 ollmbsecus,
410 1586 488 1666 §62
503 1607 520 1648 e
537 1584 715 1648 Mercatore
738 1584 778 1667 V,
794 1585 825 1665 4,
844 1587 884 1648 16
906 1584 998 1670 (977)
1021 1606 1077 1663 epo
1098 1588 1247 1650 ddsislcm
1271 1592 1344 1652 tine

197 1700 383 1773 altrinsecus,
409 1701 429 1776 8
452 1696 493 1760 69
515 1718 532 1760 0
554 1694 713 1759 Pseudulo
736 1694 795 1777 lll,
820 1696 850 1777 2,
876 1697 916 1759 73
939 1696 1031 1780 (862)
1055 1698 1086 1759 tu
1109 1706 1208 1760 teneto
1232 1701 1343 1762 altreie·

195 1830 289 1874 secus.
321 1807 368 1872 Vt
389 1829 455 1871 non
478 1806 580 1890 possit
601 1828 668 1869 non
689 1807 782 1891 gravi
805 1806 973 1872 offensioni
996 1827 1064 1870 esse
1086 1806 1230 1871 eiusdem
1246 1807 1344 1872 Pseu·

196 1918 263 1983 duli
284 1919 389 1983 versui
412 1919 443 2001 I,
467 1920 502 2001 3,
530 1919 589 1981 123
612 1918 702 2001 (357)
732 1915 894 1980 adhibitus
923 1916 976 1980 hic
1006 1920 1157 1982 accentus
1180 1920 1342 1996 Pseudule,

197 2037 309 2095 adsiste
323 2032 513 2095 dllrimse'cus
528 2043 619 2108 alque
633 2032 728 2092 duero
742 2033 822 2091 tune
837 2029 1011 2091 maledicus.
1030 2033 1081 2091 PS.
1098 2034 1171 2092 lieet
1179 2052 1186 2092 :
1212 2031 1344 2113 quando

198 2142 249 2205 vix
271 2140 381 2206 licebit
403 2140 442 2203 de
464 2139 630 2223 diremptis
646 2145 748 2203 ullrim
770 2160 855 2202 secus
877 2137 1040 2202 vocabulis
1062 2138 1219 2222 cogitare.
1259 2139 1345 2205 Huic

197 2252 298 2336 igitur
319 2251 521 2316 incommodo
543 2273 607 2335 qua
628 2249 747 2313 mederi
771 2249 955 2313 coniectura
978 2271 1073 2312 ausus
1088 2249 1161 2331 sim,
1184 2251 1259 2315 vide
1274 2251 1345 2316 Mu·

197 2363 242 2426 sei
265 2361 415 2427 Rhena'ni
439 2367 462 2426 t.
486 2361 550 2426 Vll
572 2385 604 2446 p.
627 2361 690 2424 476
713 2359 940 2444 significatum.

147 2481 151 2492 '
281 2472 326 2537 ln
341 2472 472 2537 Milite
494 2471 683 2557 glorioso.
727 2470 770 2533 54
792 2478 1043 2535 altrinsecus:
1066 2471 1109 2553 ll,
1125 2472 1158 2555 5,
1175 2473 1218 2537 36
1235 2474 1345 2559 (446).

197 2582 270 2646 vide
293 2582 333 2646 ad
357 2587 377 2662 ξ
399 2585 450 2647 53.
1213 2603 1217 2614 ·
1478 2653 1479 2656 1

281 2695 323 2758 55
344 2695 596 2773 compsissime
617 2692 776 2777 probabili
799 2692 863 2756 nisi
885 2692 980 2756 fallor
1003 2694 1189 2758 coniectura
1213 2695 1345 2760 alibro·

196 2825 267 2867 rum
283 2803 428 2889 vestigiis
444 2804 603 2867 Martinus
620 2803 770 2868 Hertzius
793 2803 886 2886 eruit,
910 2803 942 2868 h.
959 2826 986 2868 e.
1003 2804 1237 2888 superlativum
1258 2810 1342 2871 tam-
1463 2786 1469 2863 1

197 2936 292 2998 quam
314 2938 333 2979 a
355 2919 489 2994 κομψῶς
511 2915 633 2978 factum
663 2919 712 2996 (ut
740 2918 868 2999 praeter
896 2914 960 2977 alia
988 2915 1022 2978 iu
1053 2914 1114 2979 hae
1137 2915 1209 2998 ipsa
1233 2917 1345 2981 fabula
1453 2919 1459 2997 1

84 3082 88 3092 .
199 3030 299 3090 dulice
321 3029 353 3088 et
375 3031 545 3090 comoedica
571 3026 748 3111 graecissat
780 3027 907 3109 poeta),
942 3046 1013 3089 cum
1047 3046 1106 3109 ego
1133 3034 1347 3106 commissurae
1445 3033 1450 3066 ³

198 3136 396 3220 scripsissem
418 3135 531 3200 Militis
554 3136 619 3218 Ill,
643 3138 679 3218 3,
703 3135 744 3200 66
768 3137 875 3221 (941),
905 3135 959 3199 ubi
982 3140 1014 3199 et
1035 3135 1233 3220 vulgabatur
1256 3144 1344 3219 Lepi·
1433 3086 1446 3263 ,4

198 3248 316 3310 dissime
337 3259 366 3311 el
387 3250 552 3312 comissime
572 3250 698 3326 consido
720 3248 928 3330 consutorum,
953 3250 985 3310 et
1000 3246 1084 3310 idem
1099 3268 1178 3312 sane
1202 3249 1238 3312 in
1252 3248 1345 3313 Pala·

198 3358 340 3422 tinorum
362 3359 515 3423 memoria
537 3359 631 3424 latet.
1409 3305 1430 3437 ,4

283 3449 1419 3554 smmmwwmmmmw

199 3582 293 3648 diecto
314 3586 402 3647 docte
422 3594 451 3646 el
473 3584 609 3647 eorddle.
640 3587 698 3645 Ml.
723 3593 755 3645 ul
776 3603 831 3646 cor
852 3588 882 3644 el
901 3584 1000 3645 stillat.
1047 3579 1204 3645 Similiter
1224 3590 1347 3662 sapien·
1402 3571 1410 3665 1

199 3706 254 3771 ter,
280 3696 366 3758 do'ele
387 3707 415 3757 el
436 3699 564 3757 cordele
585 3696 615 3756 e'l
636 3704 703 3756 cate
725 3693 846 3755 sociata
868 3695 944 3754 sunt
966 3690 1100 3754 Poenuli
1123 3691 1154 3774 Ι,
1181 3693 1210 3774 1.,
1234 3695 1267 3757 3.
1393 3721 1399 3795 p

283 3804 327 3868 In
344 3803 580 3869 Mercatore.
610 3805 650 3868 57
667 3810 863 3882 ampliter:
887 3802 1011 3887 prologi
1028 3802 1085 3866 99:
1108 3802 1181 3884 vide
1198 3804 1238 3867 ad
1256 3807 1278 3885 ξ
1297 3806 1346 3870 13.
1383 3813 1392 3892 1

283 3916 325 3979 sa
348 3923 469 3980 nelis:
493 3915 536 3979 ib.
560 3914 585 3996 1,
609 3913 704 3996 111
728 3914 834 3998 (1101
864 3914 936 3978 vide
959 3912 999 3978 aa
1022 3917 1041 3994 s
1064 3913 1116 3978 11.
1379 3893 1386 3971 l

283 4026 544 4103 aequitatem:
568 4025 666 4088 uere.
691 4024 716 4107 1,
733 4025 764 4107 1,
789 4024 829 4087 01
852 4024 942 4110 (101)
969 4030 1054 4101 olco
1072 4034 1217 4104 quercum
1241 4033 1349 4094 cunea—
1363 3992 1379 4132 ,l

201 4141 300 4213 tescit,
325 4138 462 4214 qudeim
486 4156 597 4213 aquom
620 4137 769 4200 indideris
789 4143 892 4199 salem.
1361 4136 1368 4219 l

1343 4237 1360 4373 l

1218 4436 1222 4440 -
1343 4394 1348 4465 l

1323 4512 1340 4649 3!
