2946 5010
514 314 649 362 MILITIS
673 313 849 363 GLORIOSI.

105 466 161 530 sed
184 468 383 532 nominativo
405 488 528 552 quoque
550 466 649 531 Mero.
666 466 713 549 ¹V,
736 468 766 551 2,
791 467 847 531 28:

191 635 252 693 non
275 637 421 694 amittunt
443 636 475 694 ht
499 630 592 714 [immo
618 631 676 715 his]
703 656 750 694 me
773 635 896 693 comites
920 636 973 710 qui
995 636 1109 691 tonent.
1132 667 1173 674 -
1197 631 1254 702 Qui

719 723 789 779 stnt
812 720 859 778 ei?

106 849 199 933 (nam
221 850 316 917 Truc.
340 852 372 934 I,
395 853 427 935 2,
450 853 470 916 5
491 847 550 936 xpro
572 858 643 931 quin
672 859 702 915 ei
729 858 765 916 Vt
786 857 887 915 simitu
909 855 1076 914 adveniant
1097 871 1114 913 e
1135 847 1255 913 Palati·

106 983 222 1025 norum
245 964 405 1047 scriptura
428 969 531 1042 quinci
545 969 605 1027 Aut
625 983 712 1026 senec
734 960 917 1024 felicissime
940 959 975 1025 O.
992 959 1031 1023 Ε.
1050 959 1107 1025 oh.
1125 960 1255 1024 Schnei-

106 1070 238 1155 derus*)
261 1073 404 1138 restituit
424 1080 527 1152 qulnei
547 1085 601 1137 out
621 1080 706 1154 senei
730 1073 762 1136 h.
787 1093 814 1135 e.
838 1079 924 1151 quini
946 1081 1000 1136 out
1013 1074 1106 1153 seni):
1144 1071 1256 1135 simili·

106 1185 221 1267 terque
243 1183 278 1247 in
301 1184 389 1248 exitu
412 1205 522 1248 versus
546 1183 737 1248 collocatum
759 1189 801 1246 eis
823 1181 922 1246 habes
945 1181 1040 1267 Epio.
1060 1181 1118 1263 111,
1142 1182 1173 1264 4,
1199 1181 1254 1245 83;

194 1344 242 1383 me
264 1326 377 1401 inpono
399 1326 526 1385 inrisum
548 1345 611 1386 esse
633 1325 772 1383 habitum
795 1324 1005 1398 depeculatum
1026 1320 1131 1400 ois**);

108 1453 194 1519 Rud.
218 1455 298 1540 prol.
323 1459 378 1522 73:

298 1599 405 1658 sodtnt
426 1599 521 1672 eiooti,
550 1599 636 1659 ntvis
659 1597 840 1658 eonfraettst
863 1597 904 1658 eis
929 1591 984 1676 [vel
1004 1593 1064 1677 iis],

108 1729 164 1793 ubi
192 1732 320 1813 praeter
347 1727 502 1794 librorum
530 1730 625 1794 fidem
648 1729 849 1795 Camerarius
877 1735 941 1794 itus
963 1729 1106 1813 scripsit3
1142 1726 1254 1814 [Stichi

107 1840 196 1903 enirn
218 1862 328 1904 versus
350 1836 377 1924 Ι,
401 1842 432 1924 2,
459 1841 498 1904 14
513 1840 589 1904 hine
612 1841 841 1926 segregandus,
865 1841 919 1905 ubi
942 1862 1000 1924 pro
1023 1839 1165 1924 eoquod
1188 1844 1256 1903 erat

106 1972 176 2015 cum
199 1958 241 2015 eis
263 1952 437 2036 repositum
460 1956 509 2015 est
537 1955 665 2015 auctore
694 1951 859 2016 Lomanno
886 1964 963 2016 com·
981 1949 1080 2039 meis;]
1116 1950 1254 2034 itemque

107 2083 164 2137 eae
186 2060 272 2125 Men.
296 2061 323 2144 Ι,
350 2065 377 2145 1,
404 2063 453 2125 10.
480 2059 590 2148 [Poen.
614 2062 640 2145 I,
664 2063 694 2145 2,
722 2061 811 2151 109]:

263 2215 316 2270 aut
336 2213 438 2287 lapide
461 2213 616 2271 excutiunt
638 2213 768 2272 cltvom:
791 2232 890 2290 nugae
912 2215 983 2271 stant
1006 2232 1065 2270 eae.
1274 2228 1322 2276 vm

264 2293 463 2376 [saomfioarez
486 2301 556 2356 ntm
578 2298 735 2375 vigulante
755 2298 871 2356 Venere
893 2299 918 2355 si
940 2299 1064 2357 veniant
1087 2292 1159 2376 oea]

107 2445 138 2509 E
168 2445 236 2522 solo
263 2445 341 2510 item
363 2444 480 2511 Vetere
509 2446 616 2510 codiee
648 2469 677 2510 v.
701 2447 721 2509 9
746 2452 862 2510 luditur
888 2467 947 2529 pro
969 2451 1125 2509 deluditur
1147 2444 1255 2510 Came·

107 2555 214 2619 rarius
237 2556 364 2620 demum
386 2557 538 2640 reposuit.
802 2633 803 2647 ¹

196 2666 258 2731 Sed
280 2668 344 2731 iam
360 2667 582 2731 revertendum
605 2672 654 2732 est
676 2668 715 2732 ad
738 2667 867 2732 initium
883 2666 1087 2752 Argumenti‚
1112 2666 1253 2730 nondum

106 2777 189 2841 illud
212 2782 428 2862 personatum.
474 2778 518 2841 Et
540 2779 639 2842 altero
662 2779 789 2862 quidem
805 2800 898 2842 versu
921 2785 991 2843 dom
1013 2800 1066 2842 ero
1089 2777 1255 2841 restituere

107 2910 205 2952 nemo
227 2888 436 2972 dubitaverit,
461 2890 515 2973 qui
537 2889 598 2953 hoe
619 2888 675 2954 illa
697 2890 807 2955 ordine
835 2890 870 2953 in
893 2889 1021 2973 scriptis
1042 2888 1133 2953 libris
1155 2890 1255 2953 omni·
1294 2872 1297 2881 Ἰ

108 3165 220 3229 uidere,
239 3161 357 3231 cogitari
374 3179 456 3232 posse
475 3162 509 3216 do
528 3181 579 3220 eoo
597 3164 688 3216 sonna
704 3163 889 3217 Buechelerus
908 3163 942 3217 de
961 3162 1028 3217 decl.
1043 3163 1091 3217 lat.
1110 3181 1137 3233 p.
1153 3169 1185 3218 60
1203 3164 1256 3232 oig-

107 3256 220 3321 nifieat,
244 3272 413 3324 quamquam
431 3256 490 3327 ipse
508 3256 677 3326 improbans.
708 3287 741 3296 -
771 3255 900 3310 Ceterum
923 3275 985 3311 oum
1007 3257 1052 3310 vix
1075 3258 1185 3325 plaeere
1204 3275 1256 3327 quo

107 3349 182 3402 illud
199 3349 229 3402 in
247 3352 405 3419 donantque
428 3350 530 3418 possit,
560 3349 653 3403 neseio
676 3367 712 3402 an
734 3349 790 3403 alia
807 3350 900 3418 potius
918 3351 1017 3404 vocula
1035 3351 1181 3417 exciderit,
1204 3350 1256 3403 sic:

106 3447 217 3502 dortaoi
238 3445 313 3501 ultro
336 3448 364 3500 ei
381 3474 421 3497 —.
458 3443 514 3497 Vbi
537 3442 585 3513 qui
607 3461 658 3500 eae
680 3444 845 3512 praetulerit
868 3444 982 3513 (quippo
1006 3444 1136 3498 facillimo
1155 3444 1183 3496 in
1200 3463 1254 3496 aaa

106 3536 251 3591 transibat
269 3540 341 3603 aaa),
359 3537 486 3607 proximo
506 3553 616 3604 quoque
633 3553 715 3590 versu
732 3537 853 3592 scribere
866 3546 891 3595 te
904 3541 1012 3607 quoquo
1030 3556 1081 3595 eae
1100 3541 1173 3594 dono
1192 3540 1258 3593 dedi
1323 3530 1341 3555 ”

104 3648 161 3701 pro
180 3648 287 3700 quoque
306 3631 350 3684 vel
367 3634 494 3700 quodque
512 3630 646 3699 debebit]

179 3724 204 3792 ²)
236 3723 274 3792 [in
297 3723 472 3794 praefatione
495 3723 673 3778 ‘Truculenti
696 3724 823 3779 eeodiee
841 3725 1070 3794 Heidelbergensi
1092 3732 1254 3793 expressae’

104 3817 234 3887 (Vratisl.
259 3834 283 3870 a.
310 3821 398 3885 1839:
428 3817 457 3871 id
481 3817 557 3885 quod
586 3819 658 3887 fugit
683 3817 806 3872 Brixiam
836 3819 1008 3889 (disciplinae
1032 3817 1255 3872 Vratislavieneio

102 3913 262 3978 alumnum)
281 3909 310 3963 in
326 3910 498 3965 Fleckeisoni
513 3911 611 3964 Annal.
628 3911 696 3981 phil.
713 3914 733 3965 t.
753 3919 783 3966 91
804 3914 839 3980 (a.
861 3917 936 3979 1805)
954 3931 981 3982 p.
1001 3914 1052 3980 62]
1141 3905 1143 3913 ’

180 4006 221 4074 W)
242 4004 335 4075 [Hune
353 4021 462 4058 versum
476 4007 507 4058 nt
519 4022 534 4058 e
547 4004 717 4073 reliquorum
734 4005 868 4060 societate
887 4005 1061 4060 eximendum
1074 4022 1137 4074 ose-e
1149 4005 1255 4058 intelte-

101 4102 217 4173 gan'rus,
238 4096 333 4152 effecit
349 4098 512 4153 Buechelori
531 4098 688 4154 emendatio
707 4099 742 4153 de
761 4099 829 4153 decl.
849 4099 896 4153 lat.
916 4117 944 4168 p.
964 4082 1028 4152 56εΙ

500 4219 636 4297 ⁴perdam
654 4219 746 4289 potius
765 4221 849 4286 quam
868 4219 957 4271 sinam

316 4284 360 4339 Me
378 4286 481 4355 inpone
498 4305 613 4340 mnsam
631 4307 704 4353 osso,
723 4288 850 4340 habitum
868 4287 1051 4355 depeculatui.

316 4353 370 4408 Mei
388 4357 426 4407 oio
445 4354 512 4409 (lata
530 4373 589 4410 esso
608 4357 695 4409 verba
712 4358 853 4425 praesenti
871 4355 992 4426 palamt]
