2946 5010
436 337 654 398 vuumoovru
676 337 863 384 anuvmua.
1159 323 1222 385 435

79 495 250 577 propterca
278 489 361 575 quod
390 458 459 555 ‘vix
482 491 585 556 audiri
612 491 732 575 possit’
760 497 880 570 mcqnis
901 512 917 554 c
938 496 1085 555 montibus
1113 491 1222 554 decur-

79 623 154 666 rens
182 623 281 686 aqua,
315 623 411 686 quam
438 601 521 685 quod
549 623 616 666 non
645 623 682 666 ea
711 606 759 666 est
786 601 972 665 decurrendi
1001 601 1106 684 notio,
1140 624 1222 686 quae

79 717 194 797 suapte
215 716 334 777 natura
357 735 427 777 cum
452 711 613 777 auditione
637 713 809 777 coniuncta
831 713 884 793 sit,
907 715 944 776 ut
967 733 1039 777 cum
1061 734 1120 778 vox
1135 720 1222 778 claro

79 824 128 887 vel
152 830 224 889 tubo
247 824 364 888 dicitur
385 823 434 887 vel
458 830 563 887 clarus
584 830 701 888 clamor
717 831 853 903 piunpor
875 845 967 888 sooor
986 830 1123 904 plausus.
1161 823 1223 888 Ve-

79 955 151 998 rum
173 933 212 998 de
234 942 333 999 citare
354 933 451 998 verbo
457 984 466 1017 ,
491 935 518 997 si
540 933 592 997 fas
613 939 663 997 cst
685 955 794 998 verum
816 933 937 1015 dicere,
962 935 1108 1019 argutiae
1131 936 1222 998 suut:

80 1067 156 1108 nam
185 1048 218 1109 et
247 1045 428 1109 adventicia
455 1065 585 1127 prorsus
613 1047 663 1108 est
689 1044 882 1108 nominatim
910 1044 1095 1128 appellandi
1122 1044 1221 1127 notio,
1316 1038 1318 1043 ’

80 1177 141 1220 nec
168 1155 233 1219 ullo
260 1155 353 1219 modo
381 1153 459 1219 hinc
486 1154 592 1218 aliena
622 1153 663 1218 ad
691 1176 817 1219 cursum
850 1155 1048 1240 instigandi:
1083 1156 1221 1240 quanda,

80 1267 136 1350 qui
159 1267 256 1330 adse
278 1267 414 1348 invitat,
445 1264 596 1348 advocat,
626 1265 760 1329 arcessit
781 1266 884 1348 feras,
914 1265 1041 1330 easdem
1067 1270 1105 1330 ut
1127 1265 1166 1329 ad
1189 1288 1223 1330 sc
1325 1278 1331 1288 ‘

82 1379 215 1441 currant
235 1377 373 1462 instigat
394 1375 549 1460 profecto.
594 1374 664 1440 Nec
691 1376 796 1440 minus
829 1376 990 1441 commode
1016 1381 1106 1453 snos
1126 1384 1224 1441 citare

82 1509 182 1567 aquae
204 1488 354 1552 dicuntur
382 1508 478 1572 quam
504 1494 653 1566 primores
675 1492 857 1565 Arpinorum
880 1494 923 1551 ad
942 1509 1005 1552 sese
1029 1492 1122 1552 Troia
1143 1496 1224 1552 ciere

80 1606 161 1663 viros
195 1596 278 1694 apud
312 1597 473 1663 Catullum
506 1599 539 1659 et
571 1596 598 1660 si
630 1618 710 1681 quae
744 1595 862 1673 similia
888 1597 1067 1682 probarunt
1098 1602 1222 1682 poetae.

81 1707 305 1793 Scripseritnc,
329 1708 412 1793 quod
435 1729 507 1772 eum
529 1707 671 1791 potuisse
693 1707 831 1772 scribere
852 1707 1085 1791 contendimus,
1109 1708 1224 1774 Lucre-

82 1818 158 1902 tius,
182 1819 297 1884 maicri
320 1841 389 1884 esse
411 1817 606 1883 dubitationi
628 1818 800 1882 obnoxium
822 1819 998 1886 sentimus.¹
1025 1818 1224 1904 Quamquam

81 1952 99 1992 a
119 1929 276 1994 librorum
297 1930 442 2015 vestigiis
464 1944 756 1993 cuasslclufflauu
785 1951 885 2014 prope
906 1931 1002 1994 unius
1023 1933 1151 1996 tantum
1173 1932 1224 1995 lit

81 2043 170 2105 terae
192 2039 444 2125 transpositione
466 2055 780 2103 naaoucmaunara
803 2039 903 2105 distat
924 2040 956 2105 h.
982 2063 1009 2105 e.

265 2181 403 2260 Largu’
428 2181 503 2242 citat
524 2182 585 2240 late
608 2181 742 2241 sitientia
764 2181 861 2241 saecla
883 2181 1030 2240 ferarum:

81 2334 176 2397 quem
198 2312 399 2396 admodum,
423 2313 450 2376 si
473 2334 552 2397 opus
575 2315 624 2376 cst
646 2313 809 2396 exemplis,
833 2318 938 2392 terpus
959 2317 1070 2392 liquidi
1085 2315 1159 2390 sons
1179 2320 1225 2377 lu-

81 2430 169 2488 minis
192 2423 294 2487 eidem
316 2423 464 2488 Lucretio
491 2424 595 2488 dictus
624 2427 674 2488 est
701 2423 840 2488 ciusdem
867 2423 942 2486 libri
964 2445 995 2487 v.
1018 2422 1098 2505 281,
1128 2430 1225 2501 larcia

84 2541 206 2599 aviciam
236 2556 321 2599 mare
339 2542 473 2615 fluminis
500 2541 589 2599 anais
610 2542 768 2614 intepretes
794 2541 891 2598 omnis
917 2533 949 2617 I,
982 2534 1079 2615 1031,
1114 2555 1224 2613 aquam

84 2651 182 2724 lorpis
205 2651 346 2711 imbribio
366 2667 482 2725 caperis
504 2652 653 2711 montibus
673 2667 713 2710 ea
734 2651 804 2710 aitis
818 2665 948 2724 macnus
966 2651 1110 2710 decursus
1133 2653 1227 2726 aquai

80 2754 108 2838 Ι,
133 2755 213 2838 282,
243 2757 320 2819 item
346 2764 432 2835 Iarpi
456 2763 583 2822 haustus
606 2761 799 2834 defectibus
820 2763 939 2835 mapnis
969 2778 998 2819 v.
1022 2756 1100 2845 412,
1130 2759 1225 2840 atquc

86 2866 122 2929 iu
151 2866 248 2929 simili
275 2866 458 2932 sitientibus
492 2867 700 2931 esurientium
733 2867 890 2951 pecudum
924 2865 1109 2930 condicione
1132 2874 1225 2946 torpa
1244 2876 1284 2924 uu

80 2998 138 3040 suo
158 2983 223 3041 sinc
239 2983 358 3057 pabula
375 2989 472 3058 paria
494 2984 599 3043 labore
620 2976 661 3061 V,
685 2978 757 3042 869.
805 2974 1044 3063 [Adsentientes
1067 2977 1131 3040 vidi
1155 2999 1226 3041 cum

80 3086 144 3150 Ed.
169 3086 400 3152 Gocbelium
422 3087 567 3164 ‘Quacst
584 3087 677 3152 Lucr.
696 3088 778 3152 crit!
803 3087 866 3172 (ed.
884 3086 1063 3172 Salisburgi
1085 3074 1241 3170 a.1857)'

79 3221 113 3282 p.
139 3198 182 3262 26
204 3200 272 3263 tum
294 3198 380 3262 Frid.
404 3197 574 3263 Pollium
596 3199 632 3262 in
654 3198 745 3263 valde
767 3198 927 3283 probabili
957 3198 1225 3262 commentatione

79 3308 140 3372 ‘dc
172 3309 251 3373 artis
278 3308 441 3374 vocabulis
469 3310 658 3394 quibusdam
686 3308 903 3372 Lucretianis’
933 3308 995 3389 (cd.
1024 3307 1165 3372 Dresdae
1194 3330 1223 3371 a.

81 3420 180 3503 1866)
204 3441 235 3502 p.
258 3418 324 3508 42]
