2946 5010
194 330 258 394 394
481 345 720 406 Qvnusmoxas
743 344 1049 393 roeocaaearcxn.

195 503 244 565 est
264 499 385 563 Rerum
416 484 627 564 humanarum
660 499 751 563 libris
773 500 857 584 apud
879 498 1042 564 Donatum
1064 499 1100 563 in
1122 499 1275 565 Eunuchi
1297 501 1343 584 ll,

193 613 224 693 2,
248 610 305 692 25,
330 613 363 673 et
395 631 433 673 ex
466 632 503 673 eo
535 614 571 674 ut
592 611 718 675 videtur
740 609 870 674 Paullus
903 609 1004 696 Fessi,
1021 610 1181 674 breviator
1215 634 1247 696 p.
1282 613 1345 677 125

193 720 315 803 Muell.,
341 723 621 786 commemoratum
652 722 731 785 illud
764 720 860 785 etiarn
883 721 922 785 de
953 721 1066 806 lingua
1099 720 1155 785 lat.
1179 721 1211 786 V
1235 727 1255 802 ξ
1283 723 1343 787 147

192 855 224 915 p.
251 831 311 896 148
335 831 389 916 sp.
434 830 472 896 ld
494 832 580 896 enim
603 854 674 896 cum
697 833 732 896 in
754 831 885 896 Aemilii
906 831 1072 917 l'ulriique
1099 833 1252 918 operibus
1277 857 1344 899 non

192 945 359 1008 recenseat
380 942 506 1026 Livius,
542 944 583 1007 ab
614 944 684 1027 ipso
707 942 862 1008 Fuluiano
894 943 964 1008 loro
996 943 1168 1027 piscatorio
1202 945 1346 1010 fortasse

192 1078 257 1120 non
281 1055 441 1118 diversum
464 1074 532 1118 esse
548 1053 709 1118 Beckerus
731 1077 762 1139 p.
780 1055 842 1119 503
865 1054 1051 1119 dubitanter
1066 1054 1204 1119 coniecit
1228 1059 1346 1120 contra

194 1166 380 1231 Bunsenum
403 1163 514 1228 Descr.
538 1163 636 1229 Vrbis
658 1161 719 1248 ΙΠ,
745 1168 761 1227 1
784 1189 816 1249 p.
840 1165 914 1247 467,
938 1164 991 1249 qui
1013 1172 1172 1231 macellum
1195 1188 1346 1246 moenum

193 1278 228 1342 in
259 1279 369 1341 monte
393 1275 500 1340 Caelio
534 1275 697 1339 eonditum
729 1275 959 1360 interpretatus
992 1278 1071 1340 erat.
1118 1276 1180 1341 sed
1204 1280 1237 1341 et
1272 1301 1344 1363 per-

100 1445 101 1450 ,
194 1387 290 1452 dubia
318 1386 375 1455 illa
403 1390 453 1450 est
481 1387 680 1469 coniectura,
715 1409 775 1451 nec
804 1409 840 1450 ea
868 1409 947 1471 opus
969 1385 1124 1451 habemus
1147 1391 1184 1451 ut
1207 1390 1345 1454 omuino

193 1498 388 1583 piscatorum
421 1498 642 1582 laniorumque
677 1500 772 1581 atque
795 1497 873 1562 adeo
896 1497 959 1562 alia
983 1497 1054 1561 fora
1076 1477 1142 1562 non
1165 1499 1269 1564 fuisse
1293 1501 1343 1564 vel

194 1609 277 1673 vitae
299 1632 359 1672 usu
381 1608 431 1672 vel
453 1608 680 1673 denominandi
704 1608 931 1672 consuetudine
954 1608 1094 1673 severius
1120 1591 1263 1675 discreta
1286 1633 1343 1675 no·

158 1720 243 1784 xbis
266 1719 522 1804 persuadeamus,
552 1719 654 1784 Docet
674 1718 734 1783 hoc
756 1722 883 1803 practer
904 1742 1036 1803 eaquae
1057 1741 1156 1804 supra
1171 1721 1342 1787 attulimus

67 1843 72 1848 “
193 1831 242 1894 vel
273 1831 385 1894 Festus
418 1852 449 1913 p.
472 1830 552 1911 238,
586 1830 639 1893 ubi
671 1838 856 1911 piscatorum
882 1834 1088 1895 l'r‘hcriaorum
1111 1844 1272 1911 quaestum
1296 1835 1344 1898 ait

193 1963 253 2006 aroc
286 1947 317 2004 ln
351 1946 509 2004 macellum
527 1949 703 2021 pervenire,
737 1948 791 2006 sed
810 1944 880 2027 sere
901 1949 931 2005 m
965 1963 1071 2005 orcam
1102 1947 1232 2007 Volcani
1262 1946 1341 2029 (qua

192 2051 319 2136 quidem
343 2072 416 2115 area
437 2049 591 2134 Volcani,
620 2052 659 2115 de
681 2075 744 2136 qua
766 2052 894 2116 uberius
917 2051 1077 2116 Beckerus
1096 2039 1132 2136 p.
1156 2054 1220 2117 286
1244 2054 1338 2137 dixit,

192 2164 297 2246 ipsum
330 2163 434 2226 forum
468 2162 674 2246 piscatorium
708 2163 884 2248 significari
906 2161 1085 2227 Vrlichsius
1099 2219 1102 2224 .
1118 2167 1229 2228 noster
1258 2165 1340 2230 vidit

192 2274 303 2339 Descr.
328 2272 425 2336 Vrbis
447 2272 507 2355 ΙΙΙ,
531 2274 551 2336 3
573 2296 603 2356 p.
630 2273 693 2357 14).
738 2273 946 2337 Luculentius
978 2273 1061 2337 idern
1095 2273 1340 2341 cOurculionis

192 2385 264 2468 hac,
289 2407 308 2448 a
329 2406 392 2469 qua
415 2384 517 2447 exorsi
540 2406 657 2466 sumus,
682 2405 799 2448 scaena
822 2384 1036 2468 cognoscitur,
1062 2385 1151 2448 ouius
1169 2409 1197 2449 r.
1218 2386 1259 2451 13
1275 2410 1340 2452 me-

102 2576 104 2579 ,
192 2498 358 2560 morantur
389 2501 591 2576 symbolarum
623 2502 794 2559 ccclclorcs
827 2502 914 2574 opacl
939 2499 1045 2572 sorum
1073 2503 1257 2576 piscariam.
1303 2499 1340 2563 ld

192 2607 319 2692 quidem
354 2607 457 2669 forum
480 2630 499 2670 a
521 2606 590 2670 foro
612 2605 784 2690 piscatorio
806 2627 936 2690 prorsus
958 2598 1118 2670 diversum
1140 2630 1209 2672 esse
1233 2609 1340 2674 Varro

192 2718 230 2780 de
253 2717 365 2801 lingua
387 2716 444 2780 lat.
469 2716 499 2780 V
522 2721 541 2798 ξ
567 2717 626 2780 146
649 2739 680 2801 p.
706 2716 765 2780 147
789 2739 826 2780 eo
848 2717 956 2798 dccet,
990 2717 1072 2801 quod
1098 2726 1265 2785 secundum
1291 2725 1339 2784 Τι’-

192 2834 285 2891 terim
307 2827 407 2891 fuisse
431 2828 559 2892 scribit:
593 2828 625 2891 id
647 2828 730 2912 quod
763 2827 938 2891 rectissime
971 2827 1054 2891 idem
1078 2828 1132 2892 ille
1154 2828 1338 2896 Vrlichsius

192 2939 368 3021 perspexit,
402 2937 465 3002 nisi
488 2938 570 3021 quod
592 2940 720 3022 praeter
742 2960 862 3019 verum,
895 2941 930 3001 ut
952 2942 1101 3022 putamus
1107 2989 1116 3021 ,
1142 2962 1214 3003 cum
1239 2942 1338 3006 edito-

193 3048 280 3112 ribus
313 3071 370 3133 pro
401 3048 551 3113 Plautino
583 3051 766 3133 fragmento
809 3048 921 3112 habuit
953 3071 1033 3132 quae
1067 3050 1185 3114 subicit
1217 3050 1338 3118 Varro:

193 3165 259 3223 idco
282 3166 326 3223 cil
348 3166 493 3224 Plautus:
515 3163 612 3238 ‘apud
631 3166 805 3239 piscarium,
837 3165 895 3224 Vbi
913 3167 1019 3224 coriae
1032 3167 1103 3225 rea'
1133 3160 1244 3245 Ipsum
1261 3163 1339 3229 Cur·

193 3269 327 3334 euliouis
349 3292 474 3334 versum
497 3293 516 3333 a
538 3268 683 3333 Varrone
715 3271 853 3354 spectari
876 3272 1025 3334 Osaunus
1055 3270 1216 3336 intellexit
1239 3275 1338 3338 Anal.

193 3359 224 3464 p.
252 3380 326 3444 186:
350 3379 462 3444 addita
479 3384 586 3444 autem
608 3385 660 3444 ubl
680 3389 785 3445 carice
807 3403 856 3445 res
870 3381 967 3445 verba
981 3380 1136 3445 Varronis
1158 3387 1247 3466 sunt,
1272 3408 1338 3448 non

193 3489 300 3554 Plauti
332 3513 392 3554 nec
424 3493 552 3573 poetae,
588 3491 698 3555 eodem
720 3513 758 3554 ea
779 3492 872 3556 modo
895 3491 1002 3555 addita
1023 3514 1085 3575 quo
1107 3492 1217 3576 paullo
1245 3498 1339 3560 ante:

189 3605 295 3678 foram
327 3607 494 3665 olitorium:
519 3651 525 3664 .
552 3651 558 3664 .
585 3652 592 3666 .
616 3609 668 3667 ahi
700 3609 813 3667 olerum
846 3609 945 3682 copia.
991 3602 1107 3676 Quodsi
1133 3603 1243 3668 variae
1274 3628 1338 3687 res,

192 3735 257 3776 non
290 3713 394 3797 pisces
426 3714 552 3775 tantum
585 3713 620 3777 iu
653 3713 790 3797 piscario
822 3713 891 3776 foro
914 3712 1077 3776 venibant.
1123 3712 1232 3788 Quid?
1254 3717 1341 3800 quod

191 3830 312 3889 mucelli
343 3823 472 3909 quidem
505 3827 571 3887 tam
604 3824 668 3888 late
690 3824 778 3887 notio
801 3823 916 3907 patuit,
939 3826 976 3887 ut
997 3822 1047 3886 vel
1070 3823 1109 3887 de
1130 3822 1261 3888 olitorio
1284 3828 1342 3891 illo

191 3933 295 3999 Varro
327 3941 386 4000 lroc
416 3946 484 4000 erm
516 3942 669 4016 antiquom
702 3940 858 3999 mucellam
884 3934 1010 4017 dixerit,
1044 3933 1191 4018 idemque
1225 3940 1341 4020 paucis

192 4045 389 4129 interpositis
412 4045 492 4110 haec
515 4047 695 4110 continuet:
718 4049 793 4110 llaec
816 4051 917 4109 omerio
932 4045 1030 4130 (fora)
1046 4056 1252 4125 posteaquam
1267 4070 1340 4113 con·

192 4167 294 4220 lreclo
316 4162 346 4219 m
369 4179 460 4222 onum
482 4164 580 4221 locum
604 4178 682 4236 quae
703 4163 746 4219 od
760 4163 868 4221 ciclum
879 4161 1080 4236 pertinebant,
1105 4168 1134 4220 cl
1155 4163 1343 4235 aedificatas

196 4271 286 4343 locta,
313 4274 498 4346 appellatam
521 4273 687 4332 macellum.
769 4315 787 4334 .
