2910 5002
238 326 302 407 420
547 352 594 406 os
617 356 832 409 socrusrro
855 356 1076 409 scuosmcuo

237 518 347 577 Pseud.
370 518 410 591 Π,
434 519 464 590 4,
487 519 542 577 29:
591 521 676 577 tuem
699 520 752 595 qui
774 520 900 578 amicam
913 520 984 579 hinc
1004 520 1182 593 trcessebat,
1206 521 1233 578 ei
1256 539 1291 581 os
1314 519 1382 580 sub·

998 605 1058 664 levi
1082 603 1218 681 modo.*)

238 689 315 747 Rud.
339 691 417 764 prol.
442 691 497 749 68:
594 690 684 748 tetuli
708 690 735 747 ei
751 690 895 749 auxilium
910 692 941 748 et
958 690 1059 749 lenoni
1082 690 1208 748 exitium
1230 688 1380 767 simul.**)

236 774 332 832 Andr.
355 774 395 846 H,
420 776 448 847 6,
473 775 528 831 12:
592 774 693 833 loudd.
722 774 804 834 Dum
825 775 971 834 licitumst
994 775 1021 832 ei
1036 775 1168 851 dumque
1191 776 1274 835 actis
1298 777 1380 834 tulit.

236 858 329 916 Haut.
352 859 408 932 ΙΠ,
433 862 461 931 1,
483 859 539 917 46:
594 862 687 918 scusi:
710 878 781 918 nam
802 879 894 917 unam
917 861 943 918 ei
966 863 1068 918 etnam
1090 862 1183 936 etque
1205 861 1269 920 eius
1293 862 1380 919 comi-

997 945 1089 1004 tibus.

235 1029 314 1087 Ibid.
336 1028 390 1102 Ν,
413 1029 443 1101 4,
467 1029 522 1087 25:
592 1048 630 1086 ne
652 1029 703 1087 ille
730 1029 872 1102 hauscit,
897 1029 953 1088 hoc
974 1030 1112 1105 peulh'rm
1132 1029 1208 1087 lucri
1232 1034 1379 1105 quantum

802 1125 806 1135 ‘
999 1115 1026 1172 ti
1041 1114 1184 1172 damnum
1207 1115 1356 1190 adportet.

235 1199 314 1258 Ibid.
336 1198 390 1271 Ν,
414 1200 443 1271 5,
467 1199 523 1257 29:
592 1199 731 1258 forttssc.
774 1198 944 1275 Argentum
966 1198 1088 1256 dtbitur
1110 1198 1137 1256 ei
1160 1198 1198 1256 ad
1220 1201 1353 1274 nuptias
1393 1232 1402 1247 ·

235 1284 308 1343 Hec.
330 1283 384 1357 Ν,
410 1287 437 1357 1,
461 1285 516 1342 58:
592 1303 689 1359 neque
705 1284 873 1342 detractum
889 1284 916 1341 ci
932 1286 1133 1358 qulcquumst,
1158 1284 1210 1359 qui
1226 1286 1298 1359 post
1311 1285 1377 1359 pds-

487 1421 493 1443 ,
996 1371 1042 1432 sct
1063 1370 1146 1428 nosci
1170 1372 1223 1443 qul
1245 1369 1312 1427 siet.

235 1455 358 1513 Phorm.
369 1453 407 1527 V,
419 1456 437 1510 7
451 1450 506 1531 (8),
518 1455 574 1512 79:
592 1453 665 1528 quin
686 1454 764 1512 ndvo
787 1453 877 1511 modo
900 1453 927 1510 oi
949 1452 1061 1512 ftccres
1083 1453 1307 1511 contumeliam.

234 1540 312 1598 Ibid.
334 1538 407 1613 V,8
430 1537 486 1616 (9),
510 1539 566 1596 41:
589 1538 681 1597 htbct
702 1538 775 1597 hoec
797 1538 823 1596 ei
847 1538 942 1613 qudd,
978 1538 1049 1596 dum
1076 1538 1174 1611 vivut,
1213 1541 1310 1614 usque
1338 1538 1374 1596 sd

996 1642 1097 1681 eurem
1120 1625 1299 1700 oggtnniet.

233 1755 295 1819 His
317 1754 397 1818 adde
419 1753 627 1817 Lucretienos
648 1775 758 1817 versus
780 1752 823 1836 Π,
843 1753 935 1817 1136.
958 1751 1018 1836 ΙΠ,
1041 1753 1115 1818 556.
1139 1751 1179 1834 V,
1203 1753 1278 1818 284.
1302 1755 1373 1818 300.

234 1861 484 1947 754.V1,710.
510 1863 586 1945 795,
621 1863 735 1948 quibus
768 1866 908 1927 veterem
940 1863 1122 1947 prosodiam
1151 1885 1189 1926 eo
1218 1867 1375 1948 tempere·

104 1980 112 1989 “
232 1977 341 2038 mento
362 1977 458 2056 poeta
480 1973 636 2057 adhibuit,
661 1977 697 2037 ut
717 1974 837 2057 inipso
859 1977 986 2037 tantum
1008 1972 1095 2036 exitu
1117 1972 1372 2038 hexametrorum

232 2091 262 2149 ei
283 2083 466 2148 collocaret:

336 2245 391 2285 nec
414 2225 500 2284 facilc
522 2226 554 2284 in
576 2245 667 2286 venes
690 2226 774 2285 cibus
797 2226 893 2285 omnis
917 2225 1032 2284 diditur
1054 2226 1091 2283 ei.

338 2312 400 2371 sive
423 2311 505 2370 aliud
529 2312 669 2387 quidvis
692 2311 795 2386 potius
818 2311 1006 2369 coniunctius
1029 2311 1066 2368 ei.

337 2416 407 2455 nem
428 2397 559 2471 primum
582 2396 729 2472 quidquid
752 2396 880 2473 fulgoris
903 2396 1030 2471 disperit
1052 2395 1088 2453 ei.

337 2501 434 2558 usque
456 2481 530 2539 adeo
553 2483 749 2556 properanter
771 2481 808 2538 ab
832 2472 971 2539 omrfibus
993 2480 1117 2556 ignibus
1139 2480 1178 2538 ei.

336 2567 448 2625 lumine
470 2572 500 2624 et
522 2567 649 2624 atonis
672 2565 767 2624 altum
789 2569 880 2641 caput
902 2565 1056 2624 obstruere
1079 2565 1116 2623 ei.

334 2672 440 2710 verum
461 2651 577 2726 aliquid
604 2669 712 2728 genere
734 2670 796 2710 esse
819 2670 854 2709 ex
875 2651 947 2722 hoc,
972 2650 1053 2726 quod
1076 2651 1206 2727 contigit
1230 2651 1266 2709 ci.

336 2739 366 2794 et
387 2736 526 2795 manibus
547 2736 680 2812 nitidum
701 2737 812 2795 teneris
835 2755 910 2811 opus
933 2735 1091 2811 effluitei.

229 2865 258 2929 ll
280 2865 389 2929 multis
413 2869 532 2946 eutem,
546 2857 637 2950 'quoe
660 2864 701 2929 ad
722 2864 807 2929 idem
830 2886 932 2950 genus
954 2865 1037 2929 falso
1058 2865 1269 2950 rettulerunt,
1293 2866 1368 2932 haec

230 2996 456 3058 commemoro,
495 2996 629 3059 quorum
656 2976 711 3040 ubi
738 2996 847 3040 veram
868 2997 1052 3040 mensuram
1074 2979 1245 3060 notavero,
1281 2977 1366 3055 setis,

230 3106 286 3150 cur
308 3085 414 3149 eliens
436 3084 550 3168 dicam,
575 3086 753 3170 apparebit.
841 3098 844 3110 '

229 3225 296 3285 Cos.
318 3226 395 3314 prol.
419 3228 474 3285 53:
582 3227 640 3285 sibi
662 3227 759 3286 isttnc
780 3245 913 3285 uxorem.
942 3228 968 3286 is
990 3230 1102 3303 speret,
1125 3230 1152 3285 si
1175 3228 1203 3285 ei
1226 3231 1268 3287 sit
1290 3228 1365 3287 dete

227 3311 336 3370 Bacch.
358 3311 411 3386 Ν,
435 3314 464 3384 9,
487 3312 542 3370 99;
579 3314 615 3370 ut
637 3315 667 3370 tt
689 3313 717 3370 ei
738 3312 847 3370 habere
869 3313 1000 3389 grttism
1028 3330 1157 3387 aequom
1179 3316 1222 3372 sit
1244 3314 1364 3373 bouem:

228 3441 304 3526 (nisi
328 3441 454 3526 quidem
476 3441 529 3505 hic
551 3442 825 3526 transponendum
853 3445 902 3505 est
926 3438 973 3529 [ut
994 3445 1043 3506 est
1065 3441 1155 3531 sene]
1178 3440 1212 3507 ba·
1232 3449 1284 3527 te.)

226 3582 317 3641 Most.
339 3582 364 3655 I,
388 3585 417 3655 3,
442 3584 516 3642 129:
581 3583 655 3659 quld
678 3602 753 3659 opus
776 3586 835 3657 est,
863 3584 944 3659 quod
967 3585 1054 3642 stum
1077 3602 1141 3642 esse
1163 3584 1259 3657 nolit,
1288 3586 1363 3643 idei

983 3668 1064 3726 ultro
1088 3670 1278 3728 ostentsrier.

225 3753 289 3812 Mil.
312 3753 352 3826 Π,
375 3754 404 3826 3,
428 3754 483 3812 27:
581 3756 692 3811 iterum
714 3756 740 3813 sl
762 3754 794 3812 id
817 3757 862 3814 est
883 3756 998 3827 rtrum,
1020 3753 1098 3811 tuci
1120 3755 1224 3813 custos
1248 3755 1362 3813 additus

982 3835 1186 3916 ptricris.***)
1282 3875 1286 3882 ·

292 4020 317 4087 *)
336 4019 402 4090 [nisi
418 4018 458 4073 ibi
477 4019 505 4076 εἰ·
521 4037 571 4088 eye
589 4037 621 4078 os
638 4017 835 4090 scribendum]

290 4113 331 4180 **)
356 4111 411 4182 [Ibi
433 4113 528 4166 tumen
550 4112 682 4181 quonium
700 4121 728 4170 et
743 4112 887 4182 proditum
909 4114 965 4179 est,
995 4128 1051 4167 non
1069 4117 1108 4178 ei,
1131 4113 1253 4183 utreque
1270 4115 1362 4172 vocula

223 4204 318 4258 iuncte
335 4208 416 4263 tetuli
433 4206 460 4262 et
477 4209 505 4263 ei
521 4205 663 4264 ancilium
684 4206 809 4275 reposuit
826 4203 1042 4275 Fleckeisenus]

290 4298 346 4366 m)
371 4297 516 4368 [Dactylus
539 4315 573 4351 ne
595 4297 733 4367 dactylico
756 4299 892 4354 vocabulo
909 4299 972 4365 fiet,
1001 4300 1051 4352 uut
1069 4297 1109 4353 sic
1126 4302 1361 4371 transponendum

221 4385 353 4453 lterum,
377 4395 404 4446 si
425 4393 454 4447 id
477 4400 520 4448 cst
538 4393 644 4458 vc'rum,
662 4401 759 4450 curtos
777 4393 894 4451 ddditur
913 4402 944 4450 tu
962 4397 990 4450 ei
1002 4393 1144 4475 perieris,
1175 4397 1227 4449 aut
1249 4397 1362 4451 fortem
