2986 5004
227 337 290 401 244
569 356 789 406 onossssuvu
812 357 1026 427 Punuuuvu.

227 509 321 574 sario.
360 509 508 576 Ceterum
526 514 654 594 praeter
669 517 796 575 omondi
810 512 978 594 (pereundi)
995 498 1175 593 notionem,
1191 532 1255 594 quo
1271 512 1369 575 etiam

226 618 325 686 Nonii
340 643 372 705 p.
391 621 453 686 104
467 623 613 707 exempla
628 625 794 706 spectant,
816 621 923 685 nullus
937 621 1001 684 fuit
1015 620 1108 684 huius
1124 621 1266 685 adverbii
1282 644 1367 686 usus.

313 731 353 795 12
374 738 658 812 aliquovorsum
690 732 754 818 (vel
776 714 996 816 exquisitiore,
1021 753 1117 815 quam
1140 730 1368 816 Scaligeranus

225 842 374 925 servavit,
397 842 501 908 forma
522 844 750 928 olicouorsum):
774 841 909 907 Oasinae
931 841 973 925 Π,
997 843 1028 924 4,
1054 842 1093 907 18
1109 837 1186 922 ‘Eoo
1203 850 1260 922 pol
1280 850 1369 908 istem

225 961 285 1017 iom
308 956 529 1033 dliqoooorsom
553 956 706 1034 trepulom
728 955 880 1018 decidere.

242 1144 246 1149 ·
312 1065 351 1130 13
374 1072 567 1146 ampliter:
591 1064 731 1129 eiusdem
752 1063 795 1147 H,
819 1064 849 1146 8,
874 1050 916 1128 65
930 1076 1076 1144 opsonolo
1091 1065 1241 1143 simpliter.
1286 1065 1370 1129 Item

225 1175 312 1239 infra
335 1178 355 1256 ξ
377 1175 418 1240 57
442 1198 459 1240 e
482 1174 580 1240 Mero.
614 1174 695 1259 prol.
730 1174 771 1239 99
794 1179 937 1254 acceptus
966 1180 1065 1237 tilore
1093 1186 1185 1253 oeque
1211 1177 1369 1257 ampliter3

226 1288 246 1366 ξ
269 1284 309 1349 91
332 1307 349 1349 e
372 1284 475 1351 Stichi
497 1285 542 1362 V,
571 1285 608 1368 4,
639 1286 679 1349 10
706 1285 797 1370 (692)
828 1290 959 1349 modeste
978 1288 1086 1363 secere
1106 1296 1254 1364 sumptum
1277 1307 1369 1364 quom

151 1443 154 1447 -
224 1398 376 1475 ampliter.
421 1395 497 1460 Alia
532 1395 678 1479 exempla
709 1417 780 1458 eum
813 1396 882 1479 ipse
904 1395 1037 1458 Plautus
1060 1394 1192 1478 praebet
1213 1398 1282 1458 tum
1305 1394 1369 1459 No

224 1507 297 1570 nius
321 1528 392 1570 oum
414 1505 571 1571 Charisio.
615 1504 798 1569 Breviorem
822 1512 923 1585 ample
944 1505 1081 1569 formam
1103 1526 1168 1569 non
1191 1506 1296 1590 magis
1319 1506 1369 1570 vel

224 1615 357 1681 Plautus
380 1616 430 1681 vel
453 1616 628 1700 antiquitas
651 1616 752 1679 latina
774 1617 864 1680 novit
886 1637 981 1699 quam
1003 1637 1091 1681 soevo
1112 1623 1208 1680 amice
1230 1637 1288 1700 pro
1303 1638 1370 1680 soe·

225 1733 301 1791 niter
322 1734 460 1793 amiciter
493 1730 525 1791 et
545 1727 578 1791 id
601 1747 703 1811 genus
726 1726 805 1790 alia:
837 1725 871 1789 id
892 1726 977 1809 quod
1005 1726 1082 1791 item
1107 1726 1213 1791 valere
1235 1727 1268 1790 in
1295 1749 1370 1790 eon·

224 1838 358 1901 trariam
380 1840 505 1921 partem
527 1837 617 1901 solet.

312 1948 352 2011 14
373 1956 644 2013 altrovorsum:
668 1947 804 2013 Casinae
819 1947 879 2030 ΠΙ,
895 1950 926 2030 2,
943 1947 986 2010 25
1014 1951 1125 2013 Ve'ram
1148 1960 1248 2014 autem
1273 1955 1371 2012 altro

224 2060 340 2122 1611111
363 2080 430 2123 oum
452 2079 518 2122 eom
541 2061 656 2122 metum
680 2061 828 2122 rationem
849 2070 933 2139 puto.

311 2169 350 2233 15
369 2176 580 2248 protinam:
604 2169 746 2262 eiusdem
770 2168 811 2250 V,
836 2169 866 2251 3,
894 2169 943 2250 16,
967 2191 1045 2252 quos
1069 2191 1178 2233 versus
1200 2169 1288 2233 haud
1305 2171 1373 2233 seio

224 2300 267 2342 an
288 2279 498 2363 probabiliter
513 2279 559 2343 sio
581 2280 749 2343 restituas:
777 2283 849 2343 Tem
872 2281 929 2343 etsi
946 2287 1058 2345 molum
1080 2288 1187 2345 merui.
1211 2283 1273 2344 tcto
1290 2287 1372 2344 dabo

219 2392 374 2469 protinam
407 2413 462 2455 me.
498 2394 556 2453 Oo.
589 2396 663 2454 teus
694 2402 742 2453 sto
776 2397 847 2454 ilico
880 2393 1011 2454 omotor.
1046 2394 1221 2471 superii,
1254 2395 1373 2455 oceidit

223 2504 357 2566 revocor.
381 2503 471 2580 quest
496 2521 556 2564 noo
579 2502 718 2578 acidiam,
748 2507 809 2564 iem
831 2500 967 2581 111111.*)
1012 2499 1134 2564 Eadem
1155 2501 1264 2585 glossa
1288 2502 1373 2565 redit

224 2614 244 2692 §
266 2611 309 2676 25
331 2633 348 2675 e
370 2611 571 2676 Cureulionis
593 2610 636 2693 Π,
660 2611 691 2692 3,
715 2610 757 2674 84
779 2611 871 2696 (363)
899 2613 1021 2675 'Ostium
1045 2617 1096 2676 obi
1115 2615 1265 2691 corupe'xi
1288 2614 1372 2693 (pro

222 2730 315 2800 speri
334 2720 484 2804 Nonius),
508 2728 621 2785 exinde
634 2742 689 2810 ¹me
711 2722 781 2786 ilico
798 2725 954 2800 protinom
977 2727 1063 2804 dedi,
1101 2725 1121 2803 8
1144 2722 1184 2785 88
1208 2745 1225 2786 e
1248 2721 1370 2786 Persae

222 2830 280 2914 IV,
303 2832 334 2913 5,
358 2831 377 2895 8
401 2832 491 2916 (680)
515 2837 554 2896 At
575 2835 615 2894 oe'
634 2853 702 2896 oum
723 2845 850 2909 orpento
861 2836 1017 2912 protinam
1026 2836 1166 2912 pertitas
1180 2839 1312 2897 domoon.
1328 2872 1373 2884 -

224 2941 369 3005 Alteram
390 2951 527 3021 protinus
548 2942 684 3006 formam
707 2963 779 3006 raro
802 2943 997 3026 antiquiores
1019 2946 1132 3027 poetae
1155 2942 1369 3026 admiserunt,

223 3072 284 3115 nee
310 3052 375 3116 nisi
402 3053 458 3117 ubi
480 3052 647 3136 trisyllaba
669 3052 823 3117 vocabulo
845 3075 924 3136 opus
948 3057 1017 3117 erat
1039 3058 1114 3118 ante
1136 3053 1298 3137 vocalem,
1335 3060 1372 3118 ut

224 3161 316 3245 bapt.
340 3162 399 3245 III,
434 3164 464 3245 2,
499 3163 630 3248 9(510)
666 3169 711 3227 Eo
741 3167 881 3242 protinus
902 3171 944 3227 oct
962 3166 1114 3243 frolre'm,
1150 3167 1210 3228 mei
1230 3171 1283 3229 ubi
1302 3168 1372 3230 stat

223 3279 279 3338 olii
308 3276 431 3354 captivi,
467 3277 499 3337 et
521 3273 635 3338 Pseud.
672 3273 715 3355 ΙΙ,
753 3276 780 3356 1,
819 3274 856 3337 13
879 3274 970 3359 (581)
994 3278 1138 3339 Protinus
1159 3277 1314 3340 adducam
1338 3280 1371 3339 et

223 3406 303 3468 quae
325 3385 371 3449 ibi
393 3389 546 3450 secuntur
574 3406 633 3468 pro
654 3383 740 3447 virili
762 3388 854 3468 parte
877 3387 1108 3449 reconcinnata
1130 3408 1149 3448 a
1171 3407 1223 3449 me
1246 3386 1282 3450 in
1305 3387 1369 3450 edi·

222 3495 310 3560 tione
332 3496 400 3560 eius
422 3496 560 3560 fabulae.
605 3495 675 3570 Quo
697 3495 822 3559 aceedit
843 3495 1028 3560 coniectura
1051 3498 1163 3560 nostra
1192 3498 1371 3581 repositum

225 3604 441 3671 Mostellariae
463 3607 495 3690 1,
529 3607 565 3688 2,
600 3606 643 3670 50
666 3606 755 3691 (131)
779 3610 927 3670 Proxenus
949 3612 1061 3671 obeunt
1083 3609 1102 3670 α’
1121 3611 1236 3685 fabris.
1284 3606 1369 3671 Nam

224 3715 337 3781 Militis
370 3716 427 3801 IV,
460 3720 491 3800 4,
524 3717 566 3780 56
600 3715 711 3801 (1193)
746 3719 890 3781 Prorsum
923 3722 1056 3781 Athenas
1086 3720 1244 3795 protinam
1279 3724 1368 3784 obito

224 3831 320 3892 tecum
353 3849 371 3890 a
394 3826 533 3891 librariis
556 3826 683 3890 demum
705 3848 781 3889 suae
805 3827 921 3890 aetatis
946 3826 1209 3891 consuetudinem
1234 3851 1369 3913 sequen-

290 4016 315 4083 ³³)
345 4015 443 4070 Priore
467 4031 548 4069 versu
569 4016 637 4072 Tam
656 4018 710 4072 etsi
727 4013 825 4083 scripsi
841 4031 892 4083 pro
914 4016 1019 4072 Temen
1039 4016 1140 4072 etsist
1160 4021 1308 4084 protinam
1327 4035 1368 4074 me

222 4124 274 4178 pro
289 4114 434 4179 protinam
453 4118 480 4167 et
496 4111 620 4179 sopiam,
644 4124 716 4175 quae
734 4124 789 4161 non
806 4107 903 4161 dubito
922 4125 956 4162 ex
973 4107 1205 4178 interpretatione
1229 4114 1366 4180 repetere,

222 4219 392 4271 quamquam
415 4221 449 4258 ea
470 4202 527 4258 iam
549 4201 578 4255 in
600 4201 784 4255 Ambrosiano
807 4203 929 4270 reoepta.
966 4209 1011 4260 sto
1034 4204 1098 4259 ilion
1122 4201 1197 4257 idem
1222 4204 1366 4258 Ambrosi-

222 4311 291 4349 anus
308 4296 439 4365 praebuit
460 4312 512 4365 pro
531 4297 655 4352 Stolino:
686 4295 733 4348 ubi
756 4297 866 4351 stolioio
884 4293 980 4348 Vetus.
1015 4293 1102 4348 Versu
1125 4295 1215 4350 altero
1239 4299 1268 4350 et
1284 4298 1368 4355 Perii

222 4391 251 4444 et
269 4393 324 4444 inm
342 4391 455 4457 praeter
473 4389 560 4442 libros
578 4389 673 4442 addidi
692 4389 728 4441 ad
746 4387 914 4456 supplendos
932 4404 1069 4442 numeros.
