2946 5010
509 279 642 327 mmsis
667 277 844 328 suomosi.
1185 264 1252 327 415

101 433 288 518 argumenti
311 433 513 497 futtilitatem
536 436 679 515 repetere
702 432 814 515 altino,
845 434 940 516 atque
962 454 1089 496 omnem
1111 432 1251 517 disputa·
1278 496 1283 511 ⁸

78 545 224 632 tionem
246 544 282 608 in
305 566 342 608 eo
364 545 399 609 in
422 566 483 628 quo
506 565 670 608 versamur
692 565 810 628 genere
834 543 993 607 contineo.
1038 543 1151 628 Itaque
1173 543 1252 606 illud

102 678 200 740 quam
224 656 266 719 sit
288 677 362 719 vere
383 655 534 719 miserum
558 658 794 739 argumentum,
823 654 1023 737 apertissime
1045 675 1083 718 ea
1106 653 1252 739 exempla

100 770 286 830 monstrant
307 787 400 849 quae,
423 765 486 830 nisi
507 757 693 850 posthabita
714 764 869 829 libromm
891 764 953 829 fide
972 786 1063 830 voces
1085 765 1175 830 iuxta
1198 788 1251 850 po·

66 875 72 889 '
102 879 182 941 sitas
210 877 463 961 transposueris,
494 879 550 940 aut
576 875 682 940 nullos
714 875 846 939 omnino
875 897 984 940 versus
1016 876 1175 960 praebent
1201 876 1252 940 vel
1297 910 1300 918 ·

98 987 197 1071 plane
219 986 376 1070 horridos,
401 991 437 1052 ut
459 1009 527 1072 arg.
553 987 624 1052 Cas
648 987 678 1050 3.
701 984 797 1069 Epid.
821 986 851 1050 8.
875 985 963 1050 Pers.
987 988 1018 1050 4.
1042 985 1125 1051 Itud.
1149 986 1186 1050 4:

294 1165 357 1206 sors
380 1164 481 1206 senem
504 1146 637 1216 adiuvet,
661 1164 766 1203 verum
788 1144 938 1220 decipitur
960 1146 1052 1204 dolis:

237 1283 240 1291 .
295 1232 346 1290 sed
369 1231 493 1290 invente.
514 1233 608 1307 gnata
630 1230 781 1289 servolum
803 1231 916 1289 emittit
941 1250 1047 1289 manu:

296 1316 461 1375 subornata
483 1316 590 1375 suadet
612 1315 658 1374 sui
681 1314 807 1390 parasiti
832 1311 966 1395 filia[m]:
1031 1330 1035 1333 ·

294 1420 329 1459 ea
350 1402 382 1460 in
405 1402 575 1460 clientelam
598 1401 698 1476 suipte
720 1401 885 1475 inprudens
912 1402 1023 1476 patris:

104 1536 162 1597 aut
183 1533 265 1595 tales
288 1531 406 1615 hiatus,
432 1552 508 1616 quos
530 1534 658 1615 praeter
673 1529 829 1598 Vltimum
852 1534 884 1595 et
898 1507 1137 1596 Paenultimum
1159 1553 1252 1596 nemo

101 1643 251 1708 ferendos
275 1643 438 1727 dixerit*),
463 1645 499 1706 ut
521 1641 642 1725 Amph.
664 1642 695 1705 2.
720 1640 792 1707 Cas.
818 1643 846 1705 1.
869 1641 957 1706 Men.
981 1643 1016 1708 8:

298 1785 429 1843 mutivit
451 1804 514 1843 sese
536 1785 568 1842 in
592 1784 717 1842 formam
741 1784 804 1844 cius
828 1781 979 1861 coniugis:

296 1874 469 1930 conservam
491 1888 615 1927 uxorem
637 1869 695 1927 dud
720 1870 855 1946 conservi
878 1866 1089 1946 expetunt:**)

298 1956 524 2014 Menaechmum
547 1973 649 2013 omnes
673 1957 767 2013 civem
790 1956 916 2013 credunt
938 1956 1098 2015 advenum:

103 2099 140 2158 ut
166 2117 228 2159 nec
252 2095 408 2159 cumulem
437 2093 582 2180 exempla
603 2116 664 2158 nce
687 2116 703 2158 c
726 2094 958 2159 sententiarum
988 2095 1186 2190 linguaeque
1203 2118 1252 2159 ra-

103 2205 246 2269 tionibus
274 2228 362 2270 nunc
390 2208 581 2291 argumenta
608 2209 725 2289 petam.
771 2204 860 2290 Ergo
888 2206 1006 2290 igitur,
1038 2226 1101 2289 quo
1125 2227 1252 2292 corrup·

104 2316 187 2380 telae
203 2338 322 2401 genere
343 2317 432 2381 nulla
454 2338 530 2401 pars
546 2317 743 2380 senariorum
766 2338 831 2380 non
847 2316 962 2380 affecta
975 2318 1043 2398 cst„
1058 2336 1138 2379 eone
1152 2337 1251 2379 unum

104 2425 195 2491 illum
222 2427 327 2492 locum
355 2428 529 2491 immunem
558 2427 715 2508 dieamus,
746 2427 779 2490 iu
809 2449 872 2511 quo
894 2426 975 2491 solet
1005 2448 1137 2491 caesura
1159 2426 1252 2488 esse?

104 2539 172 2601 Aut
198 2536 260 2602 hoc
289 2530 465 2602 absurdum
489 2543 544 2602 aut
574 2537 665 2602 nihil.
710 2536 755 2601 Et
781 2537 928 2621 quidest
954 2536 1174 2618 tondemur,
1198 2536 1251 2620 qui

102 2647 224 2712 talibus
252 2647 466 2732 delectantur,
497 2650 590 2734 quale
618 2653 668 2713 est
690 2650 825 2728 pc'reprc
851 2649 947 2730 ipsus,
976 2669 1041 2712 non
1074 2647 1253 2730 suscipiant
1272 2668 1301 2716 rx

103 2760 214 2821 tamen
238 2762 270 2822 et
292 2761 426 2823 teneant
449 2782 530 2844 quae
553 2782 622 2845 arg.
644 2758 743 2824 Poen.
766 2759 787 2822 2
809 2758 884 2823 libri
906 2758 1130 2843 prodiderunt:

303 2919 372 2961 osor
392 2902 551 2960 mulierum
574 2905 709 2978 emptum
731 2902 858 2977 adoptat
883 2902 962 2960 huno
984 2919 1083 2974 senex,

108 3032 312 3040 ...n-m„-

172 3102 197 3168 *)
230 3101 277 3169 [At
295 3101 429 3167 quantum
448 3118 482 3155 ea
501 3118 564 3170 spes
582 3100 692 3154 fefellit!
716 3101 758 3156 Ea
776 3100 850 3156 enim
868 3102 961 3155 aetate
979 3099 1105 3166 vivimus,
1124 3118 1180 3169 qua
1197 3118 1253 3156 non

104 3195 217 3248 tantum
236 3193 419 3259 defendendo,
443 3193 532 3247 sicubi
550 3193 677 3259 occurrit,
694 3195 784 3248 hiatui
803 3194 879 3248 omni
896 3194 996 3248 virium
1015 3195 1192 3249 contentione
1210 3195 1250 3247 in·

103 3287 246 3341 cumbitur
264 3287 391 3357 exemplo
408 3287 552 3342 Weisiuno
571 3288 655 3355 atque
674 3287 925 3355 Lindemenniano,
950 3305 1046 3344 verum
1064 3288 1146 3342 adid
1164 3305 1252 3358 genus

102 3379 270 3434 deliciarum
289 3380 385 3434 dedita
403 3397 489 3450 opera
507 3381 669 3435 sectandum
687 3381 936 3452 aucupandumque
950 3382 1071 3451 undique
1090 3383 1253 3437 convolatur

102 3476 133 3528 et
151 3464 281 3528 certatim
300 3474 473 3541 elaboratur,
502 3475 586 3544 plane
608 3476 640 3528 ut
661 3474 718 3528 iam
739 3474 840 3529 inhiari
857 3474 947 3529 hiatui
964 3474 1048 3529 dicas,
1086 3474 1175 3540 Quam
1193 3493 1251 3530 rem

100 3567 186 3621 video
204 3567 358 3621 tersissimo
377 3568 485 3621 aurium
502 3567 605 3622 iudicio
623 3568 655 3621 Κ.
670 3568 805 3622 Lehrsii
822 3569 863 3622 ita
881 3568 1061 3638 displicuisse,
1081 3569 1156 3623 utin
1174 3570 1250 3622 Aris·

98 3660 195 3715 tarchi
217 3660 259 3714 sui
282 3660 404 3721 editione
429 3662 519 3716 altera
540 3680 566 3732 p.
587 3668 637 3717 486
663 3663 733 3717 haec
759 3666 877 3732 poneret
900 3663 936 3717 ad
958 3661 1066 3716 hiatum
1089 3662 1117 3716 in
1135 3680 1252 3717 caesura

100 3753 212 3808 scilicet
230 3753 380 3810 admissum
399 3772 416 3808 a
433 3756 532 3809 Plauto
550 3756 718 3825 spectantia:
749 3757 843 3810 ‘Nune
867 3759 962 3810 tamen
985 3773 1046 3810 cum
1074 3755 1251 3810 inveniantur

100 3847 152 3916 qui
170 3847 199 3901 in
217 3864 256 3913 re,
275 3865 346 3915 quae
365 3866 467 3918 anceps
486 3851 515 3903 et
532 3849 694 3903 dubitabilis
706 3866 767 3904 esse
780 3851 872 3914 debet,
890 3852 1025 3917 tanquam
1037 3868 1067 3903 re
1079 3849 1151 3903 bene
1170 3850 1252 3917 gesta

97 3942 220 3996 licenter
238 3941 384 4006 exsultent,
402 3941 431 3995 id
443 3942 511 3996 mihi
522 3944 620 3996 notum
633 3961 694 3998 esse
708 3943 878 3998 monendum
891 3942 968 3996 duxi:
987 3945 1019 3995 ut
1031 3944 1059 3996 et
1071 3942 1141 3997 alios
1154 3943 1251 4012 rhyth-

97 4052 164 4090 mos
183 4033 327 4088 Plautinos
345 4052 432 4104 nuper
449 4036 520 4103 vidi,
540 4035 587 4104 qui
605 4036 628 4090 si
645 4039 710 4092 sunt
727 4036 861 4104 Plautini,
885 4053 950 4090 sune
968 4035 1084 4090 Plautus
1101 4036 1169 4091 fecit
1185 4038 1250 4092 bar-

95 4131 193 4184 bare’
230 4128 268 4181 Et
284 4128 355 4182 haec
373 4129 500 4198 quidem,
531 4110 602 4198 quae
624 4134 767 4202 postrema
785 4131 867 4198 dixit,
897 4131 946 4184 aut
964 4129 1046 4184 sullor
1064 4132 1113 4184 aut
1130 4130 1166 4184 ad
1183 4131 1253 4186 talia

93 4221 257 4297 pertinent,
276 4222 371 4289 qualia
388 4241 473 4293 supra
490 4243 517 4293 p.
531 4231 588 4280 220.
603 4231 661 4279 278.
681 4233 739 4280 302.
759 4231 809 4280 306
826 4243 866 4294 sq.
885 4229 935 4280 336
953 4242 992 4295 sq.
1011 4230 1062 4279 404
1079 4223 1248 4296 perstrinxi]

173 4315 216 4384 **)
236 4315 273 4384 [h.
294 4331 317 4370 e.
337 4321 470 4375 conservi
486 4327 624 4389 expetunt
641 4321 717 4390 duo]
