2946 5010
672 1040 796 1149 Vll.

155 1240 418 1345 Quaestionum
442 1239 787 1378 topograpliearon
808 1239 1055 1337 Plautnarun
1074 1243 1196 1360 capita
1216 1243 1298 1338 110.

655 1481 804 1489 -1—-..

638 1631 759 1729 (laput
785 1633 814 1708 Ι.

230 1791 288 1861 De
314 1789 579 1883 portanaria
606 1808 706 1881 quae
733 1788 859 1862 fertur
885 1789 995 1863 urbis
1022 1786 1220 1888 Romae.*)

237 1970 366 2035 Norunt
393 1971 447 2055 qui
479 1970 515 2034 in
545 1970 748 2053 explorandis
770 1970 868 2035 Vrbis
897 1972 1144 2057 antiquitatibus
1167 1997 1296 2059 operam
1315 1993 1346 2042 m

152 2082 354 2146 collocarunt
375 2103 481 2165 suam,
511 2103 606 2165 quam
629 2081 759 2145 sitnon
782 2105 847 2146 une
870 2082 909 2146 de
932 2105 1044 2147 caussa
1066 2083 1198 2150 difficile
1220 2109 1294 2170 qua·
1363 2076 1367 2087 ’

151 2193 288 2256 rundam
322 2195 526 2277 portarum
555 2192 605 2256 vel
632 2192 765 2256 nomina
793 2193 941 2276 expedire
968 2193 1018 2258 vel
1047 2193 1127 2258 situs
1150 2195 1292 2260 definire.

151 2303 265 2387 Itaque
294 2325 365 2366 cum
394 2303 433 2366 de
465 2301 536 2366 aliis
564 2302 700 2368 multum
729 2303 764 2367 in
792 2303 933 2367 diversas
962 2306 1071 2387 partes
1094 2304 1294 2388 disputatum

150 2414 203 2495 sit,
227 2416 295 2477 turm
318 2417 409 2477 vetus
432 2417 482 2478 est
503 2414 543 2477 de
565 2414 686 2477 Metia
705 2417 798 2498 porta
821 2413 1046 2477 controversia.
1084 2414 1181 2480 Cuius
1203 2438 1292 2479 men·

149 2513 281 2607 tioirem,
305 2528 461 2608 quantum
483 2549 501 2589 e
522 2503 760 2588 Bartholomaei
775 2523 926 2587 Marliani
949 2522 1077 2588 silentio
1101 2525 1290 2610 colligimus,

149 2657 188 2697 ex
212 2635 416 2719 astygraphis
439 2634 560 2718 primus
584 2634 741 2719 Georgius
770 2633 935 2698 Fabricius
957 2638 1085 2700 nostras
1106 2635 1186 2700 fecit
1211 2636 1291 2700 ‘Ro-

147 2753 236 2808 mae’
271 2767 345 2808 suae
379 2745 483 2829 capite
506 2748 618 2829 quarto
642 2745 811 2830 (Thesauri
835 2745 1006 2809 Graeciani
1030 2749 1054 2809 t.
1077 2745 1125 2810 ΠΙ
1158 2769 1190 2830 p.
1213 2747 1291 2830 471)

147 2877 283 2939 eumque
321 2860 448 2920 secutus
481 2854 668 2940 Onuphrius
700 2854 876 2920 Panvinius
913 2856 949 2919 in
981 2856 1161 2940 ‘Antiquae
1195 2856 1292 2922 Vrbis

146 2966 307 3050 imagine'
335 2988 366 3049 p.
387 2967 450 3031 316
473 2966 599 3049 Graec,
629 2969 761 3050 uterque
788 2965 897 3030 Plauti
919 2965 1103 3031 testimonio
1130 2970 1290 3033 1101101111-

146 3077 259 3139 sinae
281 3075 325 3158 11,
348 3076 368 3140 6
389 3076 494 3159 initis,
518 3076 573 3176 aubi
596 3076 643 3140 sie
665 3075 844 3141 sciscitanti
866 3076 1063 3142 Cleostratae

232 3218 319 3292 Face,
342 3215 476 3291 Chaline,
499 3217 656 3277 certiorem
677 3238 734 3292 me,
758 3217 831 3293 quid
853 3237 936 3277 meus
959 3237 1006 3276 me
1028 3219 1075 3278 uir
1096 3220 1169 3279 volit

146 3350 210 3431 (ita
233 3349 319 3412 enim
340 3347 420 3411 haee
442 3348 623 3433 scribenda)
650 3348 730 3413 haee
752 3348 924 3431 respondet
945 3347 1114 3413 Chalinus:

232 3490 287 3549 Ille
310 3490 416 3565 edepol
439 3490 539 3549 videre
561 3491 716 3548 ardentem
738 3493 768 3548 te
791 3491 875 3549 extra
896 3491 1016 3566 portam
1037 3491 1169 3550 Metiam.

146 3620 291 3696 Quocum
312 3619 376 3685 iam
399 3620 613 3705 antiquissimi
635 3620 828 3704 interpretes
851 3623 887 3684 ut
904 3621 1087 3686 Bernartius
1110 3621 1286 3686 Saracenas
1371 3615 1374 3622 ’

144 3732 239 3814 (puto
261 3730 359 3794 etiam
380 3730 493 3794 Petrus
512 3729 619 3815 Valla)
644 3736 889 3815 composuerunt
915 3730 1105 3795 Pseuduli
1128 3751 1236 3794 versus
1257 3730 1284 3812 l,

142 3843 176 3922 3‚·
203 3840 242 3904 96
267 3839 352 3928 [330]
377 3826 445 3924 sqq

214 3993 239 4059 *)
270 3991 456 4061 [Prooemium
487 3992 587 4047 Indicis
616 3993 772 4047 scholarum
807 3992 976 4048 aestivarum
1005 3991 1191 4046 Bonnensium
1221 3993 1286 4045 anni

141 4081 386 4139 CIOIOCCCXLH.
406 4116 439 4124 -
458 4085 498 4140 De
516 4085 608 4140 medio
627 4087 766 4141 sublatam
784 4087 898 4142 anobis
913 4095 1027 4157 portem
1040 4087 1156 4143 Melicum
1174 4101 1285 4139 censen-

139 4183 257 4233 taneum
276 4181 338 4233 erat
354 4178 418 4233 ilico
430 4179 543 4234 missam
560 4179 620 4234 fieri
636 4179 664 4233 in
683 4181 715 4233 G.
726 4181 758 4234 Α.
771 4180 914 4235 Beckeri
926 4178 1085 4235 Enehiridio
1104 4177 1190 4245 antiq.
1203 4179 1282 4233 Rom.

139 4274 196 4327 vol.
216 4273 228 4325 I
246 4290 273 4341 p.
296 4274 363 4341 1181
