2946 5010
205 325 269 388 380
483 333 724 395 ovissrrouss
747 334 1052 383 101001111111010.

207 495 236 558 ei
260 491 542 558 communicandus
565 489 748 575 sepulturae
770 489 858 554 loeus
881 492 975 552 esset.
1006 488 1095 564 Quod
1111 510 1183 553 cum
1205 490 1253 552 ita
1275 511 1352 553 sane

206 628 274 668 sese
297 604 425 685 habeat,
450 601 683 666 consectarium
706 621 773 663 esse
796 600 932 681 videtur,
957 604 993 664 ut
1013 622 1127 684 parum
1151 599 1352 663 considerate

207 715 337 779 bletiam
360 724 486 797 portam
509 712 607 776 Pialis
630 711 746 775 dixerit
767 712 800 775 in
824 735 895 775 eam
917 712 1081 795 regionem
1098 712 1224 794 ducere,
1248 734 1267 773 a
1290 733 1353 795 qua

206 827 276 911 ipsa
308 827 486 890 beatiorum
519 823 647 907 quidem
684 822 854 886 arcebatur
894 822 1068 905 sepultura.
1124 821 1206 897 Quid
1244 826 1351 886 autem

207 937 331 1023 (audire
360 936 445 999 enim
473 935 679 998 adversantes
707 933 845 1018 videor),
875 933 901 996 si
930 955 971 997 ne
999 955 1109 997 verum
1137 933 1267 1016 quidem
1297 933 1351 1014 sit,

206 1049 281 1111 solis
304 1047 497 1131 pauperibus
519 1045 619 1109 fuisse
634 1042 838 1129 Esquilinum
855 1066 1003 1128 campum
1018 1044 1239 1107 destinatum?
1262 1043 1352 1119 Quod

207 1179 267 1242 ego
290 1157 417 1241 quidem
440 1156 595 1220 suaserim
617 1157 653 1218 ut
675 1155 721 1218 sic
744 1153 858 1218 saltem
881 1154 1019 1218 dicatur:
1057 1177 1123 1218 11011
1146 1154 1215 1218 sine
1239 1177 1353 1238 exeep-

207 1269 295 1332 tione
318 1289 427 1331 venun
450 1288 528 1329 esse.
570 1265 654 1329 Nam
677 1267 710 1328 et
731 1263 810 1328 alios
834 1265 996 1329 dubitasse
1018 1287 1095 1329 sane
1116 1259 1185 1329 scio
1207 1269 1242 1328 et
1264 1264 1354 1330 Cice-

207 1380 294 1443 ronis
313 1378 532 1441 testimonium
551 1376 641 1440 video
657 1376 692 1439 in
705 1374 852 1440 Creuzeri
870 1375 982 1460 Antiq.
1000 1375 1092 1440 Rom.
1110 1399 1142 1460 p.
1155 1375 1218 1440 457
1231 1376 1281 1440 ed.
1296 1376 1352 1440 alt.

207 1488 500 1573 ePhilippicarum
522 1487 579 1570 IX,
605 1488 634 1571 7,
661 1488 698 1550 17
727 1484 907 1551 aBaehrio
941 1486 1090 1567 allatum,
1123 1509 1186 1570 quo
1219 1486 1354 1551 honoris

208 1623 319 1664 caussa
341 1599 482 1682 potuisse
512 1599 547 1661 in
570 1620 682 1682 campo
710 1597 878 1682 Esquilino
900 1597 1081 1682 sepulcrum
1104 1597 1234 1661 decerni
1258 1598 1353 1662 intel-

205 1712 334 1794 legitur.
366 1709 437 1772 Hoc
459 1709 561 1792 igitur
582 1712 618 1773 ut
639 1709 685 1772 ita
701 1709 757 1772 sit:
781 1731 858 1792 ergo
881 1708 1060 1793 generatim
1082 1708 1228 1792 loquenti
1250 1707 1354 1772 nihilo

207 1821 311 1883 minus
334 1822 445 1882 tenere
467 1818 593 1901 licebit,
622 1819 705 1902 quod
733 1818 919 1883 Horatianis
942 1818 1145 1902 potissimum
1168 1818 1353 1882 scholiastis

207 1929 390 1993 suasoribus
420 1928 576 1993 creditum
605 1932 668 2010 est,
706 1931 877 2014 praecipue
905 1951 1060 2014 pauperes
1087 1928 1143 1993 illo
1166 1928 1351 2012 sepulturae

206 2040 275 2102 loco
307 2062 379 2103 usos
408 2062 486 2103 esse.
532 2038 687 2103 Volumus
716 2044 823 2104 autem
851 2041 1032 2124 (possumus
1055 2040 1156 2124 enim)
1184 2039 1352 2103 liberalius
1427 2049 1438 2065 '

206 2150 303 2213 etiam
333 2172 428 2235 agere
457 2173 528 2214 cum
556 2150 744 2214 adversariis
767 2154 862 2235 atque
890 2151 961 2234 plus
983 2150 1096 2233 largiri
1119 2171 1217 2232 quam
1241 2171 1351 2213 couce-

151 2280 187 2328 111
208 2261 321 2324 dimus.
367 2260 416 2325 Sit
443 2262 505 2343 ita,
536 2264 571 2323 ut
593 2260 721 2344 ‹pridam
744 2262 898 2345 suspicati
921 2264 1011 2325 srmt:
1039 2260 1139 2323 fuerit
1161 2259 1350 2345 Esquilinus

208 2393 338 2454 campus
361 2393 538 2455 pauperum
560 2374 592 2434 et
615 2371 820 2455 locupletium
843 2371 1035 2436 communis:
1072 2372 1203 2434 tautum
1225 2370 1350 2434 dubita-

205 2482 291 2545 tione
314 2504 442 2566 prorsus
467 2486 574 2564 vacat,
610 2504 675 2545 non
704 2482 807 2546 solum
834 2483 949 2565 fuisse,
986 2503 1047 2565 quo
1077 2481 1193 2544 divites
1222 2482 1348 2564 quidem

205 2596 387 2675 uterentur,
418 2593 595 2677 sepeliendi
621 2592 736 2656 locum.
782 2591 867 2667 Quos
896 2594 967 2677 quis
994 2593 1126 2676 ignorat
1154 2594 1246 2656 extra
1270 2592 1348 2657 alias

205 2705 314 2784 portas
341 2727 406 2767 non
436 2725 555 2786 paucas
585 2725 657 2767 cum
687 2702 762 2765 alibi
791 2706 860 2766 tum
887 2705 921 2766 in
950 2703 1011 2766 viis
1033 2702 1171 2786 publicis
1195 2724 1253 2766 suo
1276 2724 1347 2766 aere

205 2816 383 2877 exstructos
416 2813 555 2876 tumulos
583 2816 615 2876 et
643 2816 850 2876 monumenta
878 2812 1051 2876 habuisse?
1100 2813 1162 2877 His
1192 2813 1294 2897 igitur
1320 2814 1346 2876 si

203 2925 296 3006 porta
325 2922 425 2985 Metia
458 2945 525 2986 non
558 2927 686 3006 praeter
714 2923 792 2986 alias
821 2924 859 2987 de
888 2926 975 2988 ce1ta
1005 2923 1254 3005 consuetudine,
1293 2925 1345 2986 sed

205 3034 332 3095 tantrun
355 3033 441 3095 inter
463 3014 542 3095 alias
565 3034 685 3116 patuit,
709 3033 775 3097 sive
799 3056 835 3097 ea
858 3034 964 3098 vicina
986 3032 1174 3116 Esquilinae
1196 3034 1260 3097 fuit
1281 3033 1346 3096 sive

204 3141 245 3204 ab
273 3140 335 3204 bac
361 3164 403 3204 ne
433 3142 556 3206 diversa
582 3143 710 3227 quidem
739 3144 805 3207 sive
834 3144 1020 3229 longissime
1053 3144 1195 3226 distans,
1230 3142 1346 3227 quida

123 3276 125 3279 ¹
205 3250 321 3314 Plauto
355 3252 479 3315 institui
511 3252 651 3336 ineptius
683 3255 789 3338 potuit
817 3278 913 3338 quam
941 3255 1071 3318 omnino
1098 3275 1197 3319 unam
1226 3257 1347 3318 certam

204 3364 331 3447 portam
354 3364 594 3427 commemorari
622 3364 854 3448 significandae
881 3365 992 3429 mortis
1015 3386 1143 3446 caussa,
1168 3385 1229 3429 nec
1251 3385 1347 3448 gene·

204 3472 300 3535 ratim
323 3485 415 3536 extra
432 3487 556 3553 portam
579 3475 666 3538 dici?
708 3475 821 3558 ltaque
851 3498 922 3541 cum
949 3497 1010 3539 nec
1037 3475 1064 3538 si
1087 3475 1175 3539 dives
1197 3496 1259 3539 nec
1282 3475 1308 3537 si
1331 3495 1349 3537 e

203 3583 397 3667 pauperibus
413 3581 592 3648 Cleostrata
613 3586 722 3669 fuerit,
746 3585 874 3649 defendi
895 3585 1013 3649 Metine
1035 3588 1148 3670 portae
1170 3585 1206 3649 in
1230 3584 1349 3651 Casina

202 3694 324 3757 mentio
347 3698 459 3777 queat,
483 3717 549 3758 11011
571 3696 675 3780 magis
699 3696 759 3761 hoc
782 3719 819 3759 ea
841 3696 893 3759 via
916 3696 1034 3759 efficies
1057 3716 1154 3778 quam
1176 3695 1254 3760 iniit
1277 3697 1350 3780 Lip-

202 3805 277 3868 sius
323 3805 355 3868 ls
388 3804 473 3869 enim
506 3827 572 3868 11011
605 3806 802 3890 sepulturam
834 3809 962 3870 tantum
985 3805 1202 3887 cresinae,
1238 3806 1273 3870 id
1302 3811 1352 3871 est

202 3914 336 3998 simplex
359 3916 471 3980 mortis
494 3937 606 4000 genus
631 3917 685 3980 sed
706 3916 855 4001 supplicii
878 3916 1045 3980 infamiam
1067 3914 1221 3979 amarito
1245 3919 1353 4002 optari

202 4024 398 4091 existimavit
420 4027 498 4091 satis
521 4026 719 4090 mirabiliter.
765 4027 848 4090 Nam
871 4026 1101 4111 suppliciorum
1122 4026 1268 4113 quidem,
1292 4050 1354 4093 nec.

128 4183 133 4194 .
203 4135 364 4198 servilium
394 4133 539 4219 tantum,
573 4138 656 4220 quod
691 4138 835 4201 conicere
868 4137 1027 4221 quispiam
1056 4158 1072 4198 e
1102 4135 1210 4200 Taciti
1247 4139 1354 4203 verbis

204 4242 290 4307 Ann.
314 4243 386 4327 XV,
410 4248 452 4311 60
473 4247 590 4330 possit,
619 4247 815 4312 tralaticium
842 4248 946 4312 locum
969 4250 1001 4310 et
1022 4247 1238 4330 praecipuum
1262 4253 1355 4313 extra

202 4355 328 4433 portam
350 4355 552 4440 Esquilinam
565 4359 664 4423 fuisse
681 4362 802 4423 certum
818 4361 876 4423 est.
908 4359 953 4422 At
968 4361 1077 4421 tamen
1093 4357 1128 4420 in
1145 4356 1355 4427 Stalinoncm
