2946 5010
202 257 266 323 4o2
449 337 454 342 Ι
513 273 787 322 sarnunsrronas
810 274 1043 323 usncsroms.

203 428 290 493 illius
318 427 424 493 locum
451 427 642 518 substituas,
677 449 744 491 non
773 450 844 492 eam
872 429 1000 512 quidem
1029 427 1256 494 abstrusiorem
1284 429 1345 493 vio

203 540 428 622 lentioremve,
457 538 541 623 quod
570 561 673 624 genus
695 538 803 603 nullae
825 538 919 603 nobis
940 540 974 604 in
998 543 1149 624 promptu
1171 544 1263 622 sunt,
1294 541 1348 605 sed

203 651 369 736 aliquanto
384 654 494 715 tamen
509 650 773 734 reconditiorem,
797 650 932 714 lenitate
952 654 1059 715 autem
1079 672 1200 736 parem.
1241 653 1348 716 Anum

202 762 289 826 enim
310 761 495 846 Lysimachi
516 784 648 826 uxorem
664 761 864 845 conspiciens
879 762 915 825 in
934 764 1024 826 actus
1040 761 1087 827 IV
1102 785 1220 826 scaena
1235 767 1348 849 quarta

203 893 315 956 cocus,
345 894 403 958 pro
426 894 489 958 qua
511 873 648 937 amicam
676 871 913 936 meretriculam
936 876 1187 958 exspectaverat,
1211 874 1246 939 in
1269 874 1348 939 haec

125 1022 134 1034 ·
203 984 301 1049 verba
322 1007 352 1048 r.
378 985 418 1050 15
442 982 527 1073 [755]
551 984 690 1068 erumpit
713 983 970 1048 cavillabundus:

356 1143 437 1204 Satis
459 1144 568 1204 scitum
590 1144 675 1202 filum
696 1144 844 1203 mulieris:
867 1144 967 1202 uimm
988 1144 1087 1202 hercle
1109 1114 1204 1203 auct.-

203 1292 257 1358 Sic
279 1291 382 1376 enim,
403 1298 503 1375 filum,
527 1283 704 1357 rectissime
725 1292 771 1357 Io.
795 1291 944 1376 Baptista
966 1292 1043 1357 Pius
1065 1315 1124 1376 pro
1145 1299 1257 1369 filium:
1280 1294 1349 1357 feli-

136 1403 275 1468 vincior
301 1402 357 1467 ille
385 1403 549 1467 coniector
575 1402 655 1468 lano
678 1402 865 1486 Gulielmio,
898 1403 947 1468 cui
976 1403 1098 1488 reliqua
1126 1411 1226 1468 ciram
1248 1410 1351 1469 hercle

205 1524 274 1580 ovet
295 1512 468 1597 debentur,
498 1535 515 1577 e
542 1514 699 1598 principis
728 1515 918 1598 exemplaris
940 1515 1099 1598 scriptura
1121 1537 1228 1580 amun
1250 1520 1353 1580 hercle

205 1636 276 1690 nuel
298 1624 426 1688 effecta:
464 1624 626 1689 sententia
654 1624 835 1690 mehercule
862 1625 1089 1711 frigidissima,
1124 1627 1282 1691 vocabulo
1312 1649 1353 1691 ne

204 1734 356 1799 Plautino
395 1734 533 1818 quidem.
584 1734 654 1799 Nec
686 1738 757 1822 plus
796 1737 1028 1822 praestiterunt
1067 1738 1163 1801 ceteri
1200 1738 1355 1803 nimirum

202 1847 375 1924 διορθωταὶ
396 1844 522 1910 Plauti:
554 1846 651 1912 immo
675 1848 739 1912 alia
762 1847 833 1912 aliis
855 1848 1015 1932 ineptiora
1037 1847 1156 1930 Aldus,
1181 1848 1353 1933 Meursius,

203 1954 397 2039 Palmarius,
429 1955 573 2041 Calvina,
604 1959 760 2024 Gruterus
783 1959 970 2040 commenti,
1000 1980 1133 2043 quorum
1155 1959 1355 2025 honorificae

202 2065 361 2130 mentioni
383 2067 565 2133 consultum
593 2071 698 2134 estin
720 2069 1005 2135 Taubmanniana.-
1043 2069 1126 2144 Quid
1154 2073 1266 2135 autem
1287 2094 1355 2136 non

202 2176 280 2241 boni
314 2177 434 2260 critici,
469 2181 525 2244 sed
552 2179 627 2244 libri
656 2180 756 2244 boni?
799 2181 972 2245 Enimvero
1004 2201 1108 2246 acram
1141 2187 1246 2246 hercle
1277 2195 1358 2248 nmct

204 2287 304 2358 Vetus
327 2292 440 2375 codar,
474 2314 578 2357 acrum
610 2297 713 2356 hercle
740 2313 781 2356 on
810 2304 839 2357 ce
866 2291 1060 2355 Decurtatus
1084 2313 1155 2355 cum
1178 2291 1354 2358 Vaticano.

204 2403 348 2489 Scriptus
372 2403 496 2469 codices
519 2403 573 2487 qui
595 2402 703 2488 legere
726 2402 882 2486 didicerit,
906 2425 973 2467 non
996 2402 1156 2467 dubitabit
1177 2403 1217 2467 de
1241 2405 1356 2469 verbo:

202 2537 264 2580 nec
285 2516 408 2601 magis,
446 2514 501 2600 qui
524 2514 705 2578 sententiae
729 2513 982 2578 concinnitatem
1005 2514 1189 2596 observare,
1225 2514 1267 2579 de
1290 2517 1357 2600 epi·

203 2626 294 2691 theto
314 2633 398 2703 filum
420 2624 572 2688 nominis
619 2623 749 2689 Certum
771 2628 821 2689 est
842 2625 1007 2709 scripsisse
1028 2624 1178 2689 Plautum

333 2783 413 2843 Satis
436 2786 598 2859 spissum
621 2780 705 2841 filum
726 2783 874 2843 mulieris:
898 2803 1001 2843 verum
1022 2784 1121 2843 hercle
1144 2789 1247 2843 anet:

203 2979 297 3043 quem
320 2957 360 3021 ad
382 2956 510 3020 modum
533 2962 665 3020 tunicam
688 2963 815 3037 spissam
837 2957 921 3022 idem
944 2958 1027 3021 dixit
1046 2957 1174 3043 Epidici
1189 2957 1236 3044 H,
1253 2960 1286 3044 2,
1303 2962 1356 3026 46.

202 3067 344 3153 l'nrepsit
371 3066 457 3131 enim
478 3074 585 3132 scitum
612 3067 692 3131 illud
720 3090 758 3130 ex
786 3067 832 3131 eis
861 3090 942 3152 quae
974 3068 1215 3153 subsequimtur
1248 3080 1357 3138 sciton

202 3184 305 3244 hercle
330 3176 464 3265 [opinor]
489 3201 564 3243 sone
585 3184 782 3243 concubinam
804 3185 895 3243 toric.
911 3218 954 3229 —-
975 3181 1032 3262 At,
1055 3181 1172 3265 inquit,
1198 3182 1359 3267 ignorant

204 3289 255 3353 vel
277 3308 371 3354 unere
392 3289 445 3352 vel
466 3310 610 3354 unescere
631 3289 781 3371 verbum,
816 3312 874 3373 pro
902 3313 963 3375 quo
993 3297 1133 3355 crrih‘lnrr‘
1158 3291 1357 3378 Appuleius,

205 3400 351 3464 doctores
380 3399 504 3464 scilicet
531 3399 662 3485 linguae
689 3399 920 3486 lexicographi.
965 3401 1011 3465 At
1038 3401 1114 3487 quid
1135 3401 1184 3465 illi
1208 3426 1279 3469 non
1303 3410 1360 3471 aut

205 3509 361 3594 ignorant
382 3510 570 3595 paupercrdi
592 3513 648 3575 aut
669 3510 766 3575 nimis
788 3510 937 3576 liberales
959 3511 1102 3576 norunt?
1135 3511 1215 3577 Non
1238 3538 1256 3579 e
1280 3517 1360 3581 lexi-

204 3619 377 3706 cograpbis
405 3621 576 3704 scriptores
599 3622 756 3705 pendent,
786 3623 842 3687 sed
872 3623 1121 3708 ascriptoribus
1144 3624 1360 3709 scriptorum-

203 3752 264 3816 que
286 3730 416 3815 scriptis
440 3731 600 3796 codicibus
623 3732 763 3816 pendere
785 3731 1030 3818 lexicographos
1052 3734 1153 3798 decet.
1193 3734 1301 3802 Velut
1325 3745 1361 3804 ut

204 3840 350 3925 exemplo
377 3843 452 3920 utar
480 3842 563 3925 quod
591 3842 789 3907 commodum
817 3843 851 3907 in
879 3847 1022 3914 mentem
1048 3845 1152 3926 venit,
1184 3847 1360 3914 nulluma

202 3950 315 4015 lexicis
337 3951 532 4033 praesidium
553 3953 680 4018 invenit
694 3953 777 4038 quod
794 3954 896 4020 Stichi
919 3978 948 4019 r.
974 3956 1035 4020 733
1057 3957 1265 4040 reposuimus
1289 3969 1360 4027 nolo

202 4064 467 4126 oblaedescnt:
504 4069 596 4129 olium
625 4071 727 4130 ludam
755 4087 836 4130 nnnc
866 4073 947 4132 nolo:
984 4065 1203 4132 firmissimam
1233 4092 1312 4136 cum
1342 4096 1361 4136 a

202 4170 293 4234 libris
314 4169 410 4234 fidem
430 4171 543 4257 habet,
573 4182 643 4240 nolo
665 4182 804 4242 obtnedcs
825 4175 889 4260 (vel
911 4177 1051 4262 opccdes)
1074 4183 1173 4242 catali
1193 4191 1229 4244 at
1251 4188 1359 4249 ludam

202 4279 422 4367 prodentibus,
445 4286 514 4348 tum
537 4285 578 4349 ab
600 4286 753 4372 analogia
776 4287 1100 4371 commendationem,
1124 4311 1209 4373 quae
1232 4296 1270 4356 et
1294 4305 1358 4360 toe-
