2986 5004
241 355 300 418 196
531 371 601 416 Dua
624 358 831 418 MAILKNDER
853 372 1084 419 PALIMPSEST:
1197 374 1200 379 ’

567 529 649 599 Quae
672 534 734 589 tam
757 532 810 589 diii
832 532 923 590 vidua

566 615 640 675 Viro
662 616 727 675 sue'
740 618 844 675 caruit.

565 701 644 759 Nam
664 721 720 760 nos
743 702 806 759 eius
829 702 961 759 animum
983 735 1023 742 —

151 940 155 947 ,
236 866 266 930 d.
290 866 322 929 h.
353 865 497 930 offenbar
524 865 571 929 als
600 865 815 930 Choriamben
843 867 903 929 mit
934 865 1146 950 zweisilbiger
1173 865 1283 949 Basia,
1321 869 1382 931 wie

236 977 287 1041 ich
311 977 379 1041 dies
401 976 501 1040 durch
525 976 576 1040 die
598 976 686 1040 Ictus
710 977 913 1061 augedeuiei.
945 976 1009 1039 Ein
1033 977 1168 1040 anderer
1190 976 1283 1041 hatte
1305 978 1382 1041 viel·

237 1086 336 1151 leicht
359 1087 542 1170 Glyconeen
566 1088 681 1151 daraus
704 1086 869 1171 gemacht:

567 1245 662 1305 Credo
686 1265 742 1322 ego
765 1247 918 1317 miseram,
943 1264 1041 1316 seror,

565 1331 670 1390 Fuisse
691 1331 874 1406 Penelopam
897 1350 951 1389 suo

564 1416 610 1473 Ex
632 1417 747 1487 anana,
772 1435 848 1492 quae
870 1419 933 1473 tam
956 1416 1007 1474 diu

564 1500 665 1558 Vidua
688 1520 743 1560 sue
766 1501 862 1559 caruit
883 1501 958 1559 vire.

235 1648 333 1712 Dann
354 1648 464 1732 folgen
493 1648 537 1711 im
565 1647 759 1732 Palimpsest
786 1649 853 1712 drei
876 1648 976 1712 Versa
1004 1650 1064 1712 mii
1091 1649 1147 1712 der
1176 1653 1383 1713 monstresen

235 1759 564 1843 Zusammenseizung
587 1782 643 1822 aus
666 1759 758 1823 seehs
780 1759 914 1823 Iamben
937 1759 1002 1822 und
1025 1760 1130 1823 einem
1153 1759 1340 1842 Spondeus:

302 1926 364 1992 ⁴De
386 1935 496 1993 nastris
520 1934 606 1992 faetis
628 1936 793 2006 nescimus,
818 1938 944 2011 quarum
967 1935 1024 1992 vin·
1047 1935 1116 1993 hine
1135 1931 1139 2013 i
1160 1935 1288 2005 absunt,

320 2018 513 2094 Queu'imque
534 2038 589 2077 nos
611 2021 742 2096 negetiis
766 2021 951 2091 absentium,
974 2021 1019 2077 ita
1041 2025 1075 2077 ut
1094 2015 1099 2098 Ι
1120 2027 1295 2095 aequomst,

320 2103 474 2162 Sollicitas
496 2105 610 2162 noeteis
634 2109 664 2162 et
687 2106 764 2178 dies,
789 2107 887 2177 sorar,
911 2124 1013 2163 sumus
1033 2100 1037 2182 1
1058 2124 1183 2179 semper.

234 2268 295 2332 Die
330 2268 488 2333 niiehsien
518 2268 617 2332 Verse
654 2273 786 2333 werden
819 2269 1028 2334 siehibarlieh
1064 2271 1117 2333 fiir
1150 2271 1383 2352 anapestisehe

235 2378 428 2442 Monometri
450 2401 657 2464 genommen:

566 2539 711 2596 Nostrum
733 2539 866 2597 efficium

564 2623 627 2681 Nos
651 2624 746 2681 faeere
769 2627 941 2699 aequomst,

564 2708 670 2783 Neque
693 2710 723 2766 id
745 2710 842 2784 magis
866 2709 991 2766 facimus
1014 2742 1055 2749 —

235 2854 300 2917 und
316 2854 351 2916 in
367 2855 593 2936 anap'asiisehe
609 2855 746 2919 Dimeiri
769 2857 812 2919 ist
834 2856 912 2919 alles
928 2854 1107 2940 abgatheilt
1121 2876 1184 2920 von
1201 2855 1240 2920 V.
1258 2857 1302 2920 20
1323 2880 1385 2922 an:

481 3013 556 3088 Spes
579 3017 623 3072 est
646 3035 714 3072 eum
735 3015 841 3073 melius
865 3016 1014 3072 facturum

235 3125 284 3187 bis
308 3124 428 3196 V.„28:

478 3253 584 3327 Neque
606 3253 792 3327 participant
814 3272 868 3312 nos
891 3215 988 3328 neque
1010 3254 1151 3311 redeunt:

234 3399 305 3462 eine
328 3398 546 3482 Abtheilung,
576 3400 695 3464 welche
724 3400 793 3464 sieh
820 3401 938 3485 gerade
961 3423 995 3463 so
1019 3400 1062 3463 im
1084 3399 1254 3464 Palatinus
1276 3400 1386 3466 Vetus

234 3507 379 3571 erhalien
402 3509 460 3573 hai
482 3510 548 3574 und
574 3533 630 3574 aus
659 3510 725 3573 ihm
753 3512 787 3574 in
816 3533 930 3574 uasere
953 3510 1094 3594 Vulgata
1123 3511 1384 3596 iibergegangeu

233 3618 285 3681 isi.
331 3618 450 3682 Diesen
473 3620 651 3704 regellesen
677 3620 892 3685 Misehmaseh
922 3643 984 3685 ven
1007 3620 1236 3703 Versmaszen,
1266 3622 1386 3687 dessen

233 3728 444 3813 Mitiheilung
466 3730 627 3794 vielleieht
655 3732 825 3795 manahem
847 3731 921 3796 sehr
943 3730 1144 3796 erwiinsehte
1166 3731 1299 3796 Waffen
1331 3756 1387 3797 zur

232 3838 493 3924 Vertheidigung
509 3839 714 3905 Boihe'seher
729 3841 1003 3927 Versabiheilung
1026 3842 1059 3906 in
1082 3842 1133 3905 die
1155 3840 1275 3905 Hiinde
1299 3845 1385 3929 gibt,

232 3948 289 4012 hat
312 3950 456 4014 offenbar
484 3951 612 4036 Angelo
640 3951 707 4015 Mai
729 3954 773 4015 im
803 3952 902 4016 Sinne
932 3952 1068 4037 gehabt,
1104 3952 1151 4015 als
1180 3975 1214 4015 er
1237 3955 1386 4018 sehrieb:

232 4059 333 4124 ‘Illud
367 4062 547 4144 generatim
579 4085 709 4147 moneo,
744 4085 839 4146 saepe
872 4085 981 4126 versus
1011 4063 1045 4126 in
1075 4063 1181 4126 codiee
1213 4063 1253 4125 ad
1291 4064 1385 4148 aliae,

233 4193 327 4253 quam
351 4171 385 4235 iu
410 4173 603 4237 editionibus
626 4174 792 4255 usuvenit,
816 4173 904 4257 leges
927 4174 1076 4236 metricas
1100 4173 1210 4256 exigi)

316 4281 373 4345 Ieh
406 4281 595 4346 wiederhole
631 4283 831 4347 schliesslieh
860 4284 988 4366 meineu
1020 4283 1121 4347 sehon
1154 4284 1237 4346 eben
1269 4308 1385 4370 ausge—

232 4391 432 4474 spreeheueu
467 4392 625 4474 Wunseh,
663 4395 728 4456 und
758 4393 887 4457 erlaube
914 4395 991 4475 mir,
1022 4416 1116 4457 wenn
1146 4392 1199 4458 Sie
1229 4394 1385 4460 Anstand
