2946 5010
646 1237 800 1347 VHI.

316 1439 598 1534 lluoolatouos
627 1436 847 1532 Mercatoris
879 1434 1128 1551 Plautinae.*)

235 1831 460 1898 Prooemiandi
485 1831 635 1915 quoniam
664 1830 807 1894 officinm
830 1829 948 1911 instat,
972 1829 1063 1892 deest
1083 1828 1200 1910 otium,
1229 1848 1294 1892 non
1313 1845 1344 1892 111

152 1943 353 2009 ambitiosius
382 1941 543 2025 anquisito
571 1940 728 2005 floridiore
757 1940 995 2005 commentandi
1017 1942 1213 2022 argumento,
1240 1938 1295 2002 ali-

152 2054 228 2139 quid
251 2077 289 2118 ex
313 2053 358 2116 eis
380 2051 497 2116 litteris
520 2051 710 2135 delibamus,
742 2051 775 2115 in
799 2052 913 2136 quibus
937 2072 1007 2115 cum
1029 2050 1167 2114 maxime
1189 2050 1296 2113 studia

152 2169 264 2230 nostra
285 2165 421 2227 servent.
452 2162 592 2227 Fervent
606 2166 712 2227 autem
728 2166 764 2226 ut
778 2163 884 2226 solent
906 2161 1062 2245 (diutinus
1083 2161 1169 2223 enim
1191 2159 1295 2243 labor)

152 2277 187 2339 in
220 2298 285 2338 nna
317 2273 541 2338 Plautinarum
580 2273 760 2338 fabularum
793 2277 840 2337 ita
872 2270 1083 2336 instauranda
1119 2292 1178 2355 pro
1210 2269 1294 2333 virili

153 2388 262 2470 parte,
292 2386 383 2448 utet
406 2383 567 2448 commode
595 2383 658 2468 legi
682 2388 715 2448 et
736 2384 901 2469 aliquanto
930 2382 1047 2446 rectius
1075 2402 1171 2465 quam
1193 2379 1295 2444 adhue

153 2494 299 2579 intellegi
328 2494 439 2578 possit.
485 2493 573 2569 Quae
601 2497 651 2559 est
678 2494 898 2576 Mercator,
930 2492 1052 2557 minore
1079 2490 1135 2554 illa
1157 2490 1294 2576 quidem,

153 2605 181 2669 si
201 2626 273 2669 cum
289 2604 361 2668 aliis
384 2604 558 2688 confertur,
583 2605 793 2670 admiratione
815 2605 925 2689 digna,
948 2626 1015 2667 non
1030 2602 1185 2666 minorem
1200 2623 1296 2686 quam

154 2714 324 2799 pleraeque
347 2714 426 2779 artis
450 2737 558 2779 curam
581 2704 748 2801 flagitans:
774 2717 900 2779 tantam
923 2716 1052 2798 tamque
1074 2713 1196 2776 variam
1218 2710 1296 2775 haee

154 2936 274 3000 inertia
302 2937 407 3000 labem
434 2937 544 3001 traxit.
589 2937 617 3001 Ε
640 2960 703 3021 qua
726 2938 874 3001 vitiorum
902 2934 1132 3019 vulnerumque
1153 2934 1296 2998 1111111111-

47 3049 49 3053 ’
155 3046 231 3110 dine
265 3069 336 3111 cunr
365 3045 429 3110 alia
456 3047 671 3131 perplexiores
705 3048 846 3112 rationes
881 3047 1022 3112 habeant
1056 3046 1297 3130 uberioremque

155 3155 407 3240 disputationem
436 3157 616 3241 requirant,
648 3157 712 3222 alia
737 3158 809 3242 pari
837 3157 1037 3242 simplicitati
1066 3157 1222 3221 brevitate
1245 3179 1297 3220 er-

155 3267 260 3351 pediri
282 3288 375 3350 posse
398 3266 578 3352 videantur,
601 3268 695 3332 huius
716 3291 775 3332 nos
798 3268 936 3352 generiS,
960 3268 1044 3332 unde
1067 3268 1163 3333 etiam
1186 3267 1240 3351 qui
1263 3267 1298 3329 in

156 3376 360 3462 philologieis
382 3377 498 3442 litteris
526 3401 591 3443 non
620 3378 771 3444 habitant
791 3378 886 3443 facile
910 3378 1032 3463 aliquid·
1052 3377 1225 3462 voluptatis
1248 3398 1296 3440 ca-

156 3488 264 3572 piant,
288 3486 431 3571 quamvis
453 3489 602 3572 pusillam
624 3490 814 3574 particulam
838 3488 976 3553 strictim
998 3509 1232 3573 persequemur.

242 3655 292 3719 Ac
313 3657 424 3720 statim
446 3657 481 3721 in
503 3657 629 3742 limine,
659 3659 719 3723 hoc
747 3662 796 3724 111
816 3659 850 3723 in
873 3660 1146 3745 Argumentorum
1169 3657 1297 3721 fabulae

156 3767 404 3852 praemissorum
427 3789 463 3831 eo
485 3770 568 3853 qnod
590 3792 656 3834 non
680 3770 893 3835 acrostiohrnn
916 3774 974 3853 est,
997 3770 1066 3854 ipse
1088 3768 1209 3853 primns
1231 3790 1297 3832 ver-

156 3900 212 3941 sus
232 3877 312 3941 facit
334 3880 371 3940 nt
392 3877 588 3944 haereamus.
634 3879 697 3944 Vbi
720 3881 803 3965 quod
825 3881 977 3965 vulgatur

227 4149 253 4216 *)
290 4148 479 4218 [Ρτοοθ111111111
509 4150 609 4205 Indicia
642 4135 798 4208 scholarum
828 4150 996 4206 aestivarum
1017 4151 1204 4204 Bonnensium
1234 4150 1299 4205 anni

155 4239 386 4298 ClOIOCCCLIV.
409 4272 438 4282 —-
457 4241 570 4297 Editum
588 4245 673 4300 etiam
690 4245 719 4298 in
737 4243 956 4300 ‘Prooemiorum
974 4242 1160 4298 Bonnensium
1177 4244 1298 4301 Deoade'

154 4354 230 4407 qnae
248 4332 355 4406 prodiit
371 4333 493 4389 Berolini
511 4336 584 4406 apud
603 4338 623 4393 I.
643 4339 857 4409 Guttentagium
875 4357 899 4393 a.
920 4336 1162 4409 ololooccnxr]
