2986 5004
221 318 284 381 230
562 328 783 378 suossmuvar
806 329 1019 376 ruavrmvu.

223 487 305 550 Item
332 459 587 548 recentissimum
617 482 814 567 eundemque
841 482 1077 566 ineptissimmn
1107 506 1178 547 eum
1200 486 1235 548 iu
1258 485 1364 549 Plauti

222 599 295 660 octo
316 595 443 658 fabulas
466 594 588 678 priores
609 597 678 657 tum
701 593 735 656 in
758 593 904 657 Persium
927 595 1202 678 commentarium,
1226 597 1297 675 sine
1318 595 1365 681 ip·

224 728 331 771 sorum
352 704 457 768 verbis
479 707 657 788 poetarum,
681 707 788 768 servat
804 703 983 768 Vaticanae
999 704 1165 768 Palatinus
1180 707 1263 770 2711
1281 729 1364 771 saec.

224 817 285 881 XV
313 815 362 901 (in
384 836 447 899 quo
469 813 637 878 Aulularia
659 814 803 897 sequitur
824 814 1095 901 Curculionem).¹

310 925 437 991 Scholia
464 926 581 989 rectius
614 946 710 1009 quam
737 927 1001 989 commentarium
1033 926 1151 990 dixeris
1184 949 1267 1011 quae
1295 932 1368 992 octo

225 1039 288 1102 illis
310 1036 428 1100 fabulis
449 1036 484 1099 in
506 1035 708 1119 marginibus
731 1034 894 1118 adscripta
908 1039 999 1099 tenet
1013 1037 1111 1100 cedex
1127 1036 1207 1103 0011.
1223 1037 1318 1103 Rom.
1335 1040 1367 1103 4.

226 1150 260 1214 Ο.
283 1149 323 1212 41
359 1147 460 1210 chart.
490 1147 612 1209 formae
639 1167 735 1228 man,
769 1145 854 1208 uude
888 1146 1044 1210 nonnulla
1072 1148 1236 1212 Antonius
1266 1148 1369 1214 Bene·

226 1259 330 1322 dictus
353 1257 512 1340 excerpsit
533 1257 568 1319 in
591 1255 1214 1322 0111110001111111111110011.1154110010
1237 1261 1371 1344 emissa3

225 1369 277 1433 vel
299 1390 379 1453 quae
402 1367 521 1430 eisdem
542 1367 671 1449 fabulis,
696 1388 768 1429 cum
788 1387 875 1430 nona
889 1366 1117 1451 Menaechmis
1141 1368 1285 1434 Vrbinas
1307 1372 1372 1436 655

226 1479 360 1543 membr.
384 1499 466 1541 saec.
483 1476 544 1540 XV
567 1477 590 1540 f.
614 1498 698 1540 max.
721 1476 777 1539 fol.
805 1462 880 1560 1325
910 1477 1055 1561 profecta
1077 1501 1115 1542 ea
1139 1464 1179 1543 ab
1202 1481 1373 1546 Mutinens

227 1589 371 1654 homine:
395 1588 514 1671 quippe
537 1596 607 1651 ‘aas
628 1595 822 1652 rnutinenses’
845 1587 924 1651 dicit
946 1588 1079 1672 alicubi3
1107 1589 1157 1653 vel
1185 1613 1268 1674 quae
1296 1593 1374 1655 duo-

227 1701 331 1764 decim
353 1698 583 1782 posterioribus
606 1699 640 1761 in
663 1697 806 1762 Mediceo
829 1697 986 1782 XXXVI,
1020 1699 1078 1772 46:
1112 1700 1175 1763 alia
1198 1701 1272 1765 aliis
1294 1702 1376 1766 ieiu-

227 1811 384 1875 1110111-
400 1810 431 1872 A
455 1808 755 1872 commentariorum
777 1808 924 1873 ubertate
951 1811 1153 1893 perreriam
1177 1810 1375 1876 scholiorum

228 1920 481 1984 mediocritatem
505 1919 725 1982 descendimus
748 1918 788 1981 ad
811 1917 989 2003 glossarum
1012 1922 1105 2005 (quas
1127 1921 1255 2005 quidem
1278 1920 1377 1987 hodie

197 2033 360 2116 evocant)
385 2030 483 2093 etiam
505 2028 669 2093 exiliorem
692 2030 898 2112 brevitatem,
922 2031 1028 2094 verbis
1050 2030 1211 2095 Plautinis
1234 2033 1270 2096 in
1295 2034 1377 2097 mul-

229 2142 271 2206 tis
300 2141 461 2206 codicibus
489 2141 670 2225 promiscue
700 2141 923 2223 adspersarum
951 2162 1023 2204 eum
1045 2141 1080 2205 in
1102 2143 1248 2225 modum,
1285 2145 1378 2208 cinus

230 2252 375 2335 exemplo
397 2233 566 2314 Terentius
596 2272 665 2315 esse
693 2250 855 2314 Halensis.
873 2253 981 2334 potest
1003 2273 1022 2314 a
1044 2249 1183 2316 Brunsio
1210 2254 1301 2336 typis
1325 2277 1379 2318 011-

230 2362 327 2426 scribi
361 2363 465 2426 iussus
499 2362 679 2425 litterarum
712 2361 839 2445 quidem
873 2361 1036 2425 commodo
1068 2362 1166 2427 nullo,
1218 2363 1381 2429 Eminent

230 2474 315 2536 inter
338 2494 391 2535 eos
414 2472 536 2536 codices
560 2471 727 2535 Palatinus
753 2472 833 2535 1618
856 2475 889 2534 01
910 2474 1039 2554 praeter
1061 2476 1181 2536 eeteros
1204 2472 1379 2538 Palatinus

233 2584 329 2664 1614,
359 2583 413 2665 qui
441 2582 542 2645 Pareo
569 2587 645 2646 sunt
666 2581 734 2645 Pal.
757 2581 805 2645 IV
834 2585 867 2644 et
888 2581 937 2645 111
944 2631 953 2664 ,
977 2602 1037 2644 nec
1059 2582 1233 2666 diligenter
1255 2584 1300 2646 ab
1323 2583 1380 2649 illo

231 2714 292 2755 nec
313 2691 408 2775 plene
431 2692 610 2777 excussi*):
634 2692 665 2754 id
688 2691 770 2775 quod
793 2713 834 2754 ne
857 2691 1027 2754 dolendum
1049 2691 1187 2775 quidem.

233 2955 276 3004 est
295 2954 388 3003 tamen
406 2949 480 3014 qaod
497 2950 588 3003 omnis
606 2949 732 3002 comedia
750 2949 920 3014 inaniaque
938 2951 1065 3004 actiones
1078 2949 1220 3005 diuiditur
1237 2953 1270 3006 ia
1287 2960 1332 3008 cst
1350 2957 1382 3008 in

233 3045 355 3109 quirinae
376 3047 483 3108 partes.
531 3042 687 3096 Voluerunt
709 3044 782 3095 enim
802 3048 904 3108 poetae
927 3044 1002 3097 sient
1028 3045 1058 3096 111
1085 3045 1183 3098 metris
1211 3060 1383 3102 mensuram

233 3135 337 3189 liabent
361 3138 399 3189 ita
422 3141 449 3190 et
471 3137 501 3188 in
525 3137 645 3189 materia
674 3136 784 3189 medam
808 3135 973 3190 obseruare.
1017 3136 1087 3192 Vide
1111 3153 1209 3192 amnes
1231 3146 1336 3204 poetas
1355 3149 1383 3196 et

234 3231 364 3283 inuenies
379 3244 434 3295 per
451 3229 586 3294 aequales
605 3228 801 3283 distinctiones
817 3235 844 3283 01
862 3229 1025 3284 moderatas
1043 3246 1142 3284 eoram
1159 3231 1248 3285 tidros
1268 3248 1382 3300 eampo-

234 3326 304 3378 sitos
328 3327 355 3376 et
377 3323 575 3376 distinctiones
596 3321 661 3388 sere
685 3322 811 3376 0111111011
835 3306 987 3376 menstrua
1006 3337 1029 3374 a.
1049 3338 1076 3388 q.
1096 3338 1126 3387 1.,
1150 3321 1298 3389 aliquanto
1316 3327 1384 3393 post

234 3415 328 3468 autem
354 3413 415 3482 ipse
438 3413 672 3466 commemoratur
693 3412 827 3466 Donatus.
869 3412 932 3465 Non
960 3413 1053 3467 hercle
1079 3414 1168 3467 maior
1194 3415 1256 3469 laus
1284 3432 1383 3472 eorum

235 3524 306 3574 quae
325 3507 359 3560 de
378 3510 499 3571 nomine,
519 3510 575 3562 nita
594 3513 621 3561 01
639 3508 769 3562 electrina
787 3508 885 3563 Ptaati
901 3515 1000 3574 11001110
1018 3507 1167 3560 tradrmtur
1184 3508 1203 3563 1.
1222 3512 1266 3574 80,
1285 3527 1300 3563 e
1319 3511 1383 3577 qni-

234 3602 287 3654 bus
306 3598 463 3668 speciminis
482 3616 580 3652 caussa
596 3597 736 3651 tralaticia
753 3599 823 3652 haec
842 3600 1040 3668 excerpsimus:
1061 3644 1065 3653 .
1083 3643 1088 3653 .
1104 3642 1109 3652 .
1123 3617 1162 3656 ex
1181 3603 1295 3658 umbria
1312 3623 1383 3671 pro—

235 3698 331 3751 uincia
349 3711 421 3761 anae
439 3701 483 3748 est
500 3696 579 3748 eirea
598 3695 730 3749 urbinum
752 3710 790 3748 ea·
809 3697 924 3750 ciuitate
942 3712 1014 3761 qaae
1032 3696 1139 3749 dicitur
1160 3698 1312 3752 sursinum
1333 3741 1383 3755 ...

236 3832 242 3845 .
260 3834 266 3843 .
284 3791 319 3843 de
336 3789 468 3843 doctrina
491 3795 584 3842 antem
606 3791 668 3842 eins
686 3788 754 3841 dicit
772 3789 933 3843 tancretius
950 3792 1042 3843 etiam.
1062 3790 1156 3855 primo
1180 3791 1385 3849 anirnaduerto

235 3884 306 3937 diros
324 3898 395 3948 aues
414 3882 656 3948 eloquentissimos
675 3885 792 3948 antiqua
810 3888 891 3936 netas
906 3882 1028 3948 protulit
1041 3880 1181 3936 Comicnm
1199 3882 1339 3939 Plautum
1358 3893 1386 3941 et

237 3977 386 4031 Oratorem
412 3974 523 4029 Talium
550 3991 599 4028 eos
622 3975 717 4029 ambas
740 3977 824 4029 etiam
847 3976 885 4028 ad
906 3974 1038 4029 locorum
1067 3981 1246 4030 uenustatem
1276 3983 1385 4035 ceteris

234 4072 416 4135 praestitisse
429 4082 453 4119 e.
467 4085 493 4134 q.
509 4084 529 4118 s.
550 4097 581 4103 -
600 4064 729 4119 Ceterum
748 4066 834 4118 codex
854 4068 896 4118 est
913 4065 1017 4119 saeculi
1028 4064 1087 4130 XV,
1106 4066 1214 4119 formae
1232 4069 1385 4136 maximae,

237 4160 365 4213 loliorum
387 4166 442 4223 138,
461 4159 536 4226 ipsas
555 4159 663 4211 fabulas
681 4160 781 4227 poetae
800 4176 856 4212 non
874 4159 1029 4212 continens:
1052 4157 1176 4227 pertinet
1193 4162 1290 4213 autem
1309 4179 1385 4215 com-

238 4235 388 4305 mentarius
407 4253 442 4304 ab
462 4250 664 4318 Amphitruone
683 4252 718 4304 nil
737 4251 890 4319 Epidicum.

305 4346 329 4410 ’1)
359 4344 462 4397 Parcus
485 4361 547 4395 eum
570 4343 683 4411 practer
701 4344 832 4398 Veterem
856 4343 924 4410 (Pal.
951 4345 1026 4411 tera)
1050 4345 1078 4398 et
1101 4344 1285 4399 Decurtatum
1310 4347 1386 4414 (Pal.
