2946 5010
213 307 276 370 376
496 320 735 381 Qvaasrronus
759 322 1064 371 rorounarrneas.

297 483 486 543 Caalnonvs.
531 481 676 557 Propera:
704 484 779 558 qnid
801 483 883 542 stas?
906 502 1019 543 arcesse
1042 504 1145 560 agnos.
1170 485 1265 544 audin
1288 488 1366 562 quid

819 562 863 625 ait
884 568 1043 643 Iuppiter?

296 654 491 713 Psuvnvnvs
536 653 601 710 Iam
623 651 671 710 hie
687 672 751 710 ero:
775 673 878 711 verum
901 656 985 711 extra
1007 656 1126 729 portam
1148 655 1274 713 Metiam
1298 678 1367 715 eur-

822 738 979 798 rendumst
1000 740 1093 814 prius.

300 823 374 885 Car..
398 821 477 891 Quin
500 822 556 905 ool
592 821 708 882 Psuvo.
732 822 829 881 lanios
851 823 921 881 indo
943 843 1089 884 arcessam
1113 826 1189 885 duos
1212 846 1283 885 eum
1307 828 1369 886 tin·

727 951 728 955 .
823 909 998 968 tinnabulis.

146 1106 151 1110 .
215 1058 430 1141 Eiusdemque
459 1058 571 1139 portae
593 1078 784 1139 quamquam
813 1077 879 1119 non
902 1056 1088 1121 nominatae
1110 1061 1244 1123 tertirnn
1268 1064 1371 1144 quod-

215 1169 288 1232 dam
314 1168 399 1252 apud
427 1167 563 1231 eundem
594 1169 722 1250 poetam
745 1166 925 1250 exemplum
947 1172 1073 1231 exstare
1097 1168 1200 1233 visum
1224 1175 1276 1235 est
1304 1173 1372 1236 Mi-

215 1278 304 1343 litis
327 1276 496 1362 gloriosi
523 1276 571 1358 II,
595 1276 632 1358 4,
655 1277 676 1340 6
705 1274 808 1365 [359],
839 1277 892 1339 ubi
920 1275 1001 1341 haee
1028 1282 1105 1342 sunt
1132 1279 1373 1348 Palaestrionis

216 1390 256 1452 ad
279 1389 461 1454 Seeledrnm
483 1386 595 1451 verba:

303 1529 398 1590 Credo
433 1533 489 1605 ego
518 1529 594 1588 istoe
621 1530 756 1605 exemplo
784 1530 840 1587 tibi
869 1550 932 1588 osso
959 1532 1090 1590 eundum
1119 1534 1258 1591 aetatum
1289 1539 1376 1594 extra

824 1619 957 1689 portam,

303 1701 453 1776 Dispessis
475 1701 614 1758 manibus
636 1698 808 1773 patibulum
830 1720 898 1758 eum
919 1700 1052 1758 habebis.

169 1848 197 1897 W
220 1850 273 1914 Sie
296 1849 381 1912 enim
404 1846 485 1910 haee
506 1845 691 1929 vulgantur.
738 1848 843 1930 Atque
872 1846 922 1910 his
950 1848 1053 1911 tribus
1082 1849 1284 1916 testimoniis
1315 1857 1375 1917 etsi

220 1959 324 2023 omnis
347 1957 464 2021 Metiae
488 1959 599 2039 portae
622 1960 654 2020 et
676 1958 829 2020 memoria
852 1960 884 2020 et
908 1958 990 2022 fides
1019 1958 1222 2044 continetur,
1261 1965 1376 2028 tamen

220 2070 329 2133 mirari
352 2068 438 2150 lieet,
462 2067 544 2151 quod
568 2089 638 2131 eum
662 2068 782 2149 priores
805 2067 902 2131 Vrbis
926 2072 1128 2133 enarratores
1154 2071 1267 2136 Guido
1292 2073 1376 2138 Pan-

222 2179 350 2244 eirollus
373 2182 406 2243 et
428 2178 527 2242 (ilaus
550 2176 735 2241 Borriehius
759 2179 842 2261 apud
872 2177 1059 2263 Graevium,
1089 2179 1209 2245 Lueius
1241 2182 1376 2249 Faunus

222 2294 254 2354 et
275 2289 376 2353 lulius
392 2287 570 2352 Minutulns
594 2289 677 2370 apud
698 2287 922 2372 Sallengerum
945 2292 978 2353 et
999 2289 1136 2354 sortasse
1158 2292 1217 2356 alii
1241 2317 1377 2377 prorsus

221 2401 310 2465 illam
333 2398 461 2463 silentio
490 2399 790 2482 praetermiserunt,
820 2402 888 2461 turn
911 2420 1020 2463 eorum
1047 2400 1194 2484 quidam,
1227 2405 1288 2488 qui
1317 2406 1376 2469 har

223 2513 328 2574 aetate
357 2509 522 2573 Romanae
555 2509 758 2592 antiquitatis
792 2509 967 2592 imaginem
995 2509 1152 2594 singulari
1182 2515 1297 2579 studio
1326 2539 1376 2579 ex-

222 2624 419 2705 presserunt,
442 2641 483 2683 ne
506 2621 602 2684 verbo
625 2619 762 2703 quidem,
788 2640 844 2682 eur
866 2619 993 2683 illorum
1016 2620 1200 2703 exemplum
1215 2625 1283 2689 sibi
1308 2627 1377 2689 imi·

222 2730 357 2795 tandum
390 2732 617 2814 sumpsissent,
656 2730 892 2812 significarunt.
948 2729 1010 2795 Sed
1042 2733 1079 2794 ut
1110 2731 1288 2798 mittamus
1323 2738 1376 2820 qui

223 2844 408 2906 tacuerunt:
445 2843 519 2924 post
540 2841 585 2906 Io.
610 2839 793 2923 Baptistam
816 2839 908 2904 Pium
930 2840 1037 2904 Plauti
1060 2841 1298 2928 interpretem,
1323 2848 1375 2930 qui

112 2957 114 2960 ’
146 2990 148 2992 .
224 2955 281 3014 aut
308 2973 325 3013 e
355 2956 473 3014 Naevio
505 2955 561 3014 aut
590 2951 667 3014 adeo
696 2973 713 3013 e
742 2955 865 3014 Maenio
893 2949 1029 3034 quadam
1063 2950 1138 3033 (huo
1167 2955 1261 3018 enim
1294 2957 1378 3020 valet

224 3060 307 3143 quod
322 3060 378 3123 illo
393 3059 523 3124 nolente
539 3082 724 3143 expressum
746 3063 796 3124 est
816 3062 927 3140 menia)
952 3064 1133 3143 corruptam
1150 3068 1254 3128 Metro
1277 3066 1378 3150 serip-

225 3174 331 3263 turam
364 3171 499 3253 putabat
526 3175 559 3233 et
587 3193 659 3234 eum
688 3170 835 3233 columna
862 3170 1007 3256 Maenia,
1037 3176 1080 3233 ad
1106 3194 1198 3250 quom
1226 3179 1322 3250 fures
1351 3190 1378 3240 e!

225 3288 305 3345 seret
330 3302 457 3360 aequom
486 3286 657 3345 uIIIru'rr's
683 3286 868 3360 capitalibus
892 3288 999 3360 puniri
1018 3288 1110 3358 soliti,
1141 3285 1270 3349 temere
1294 3287 1378 3350 Mae

225 3392 314 3455 niam
335 3395 461 3474 portam
485 3390 686 3474 conserebat,
717 3392 755 3454 de
782 3391 853 3474 ipsa
881 3391 984 3454 forma
1012 3397 1107 3455 Metto
1135 3394 1286 3460 nominis
1314 3421 1380 3461 uon

227 3503 293 3566 fere
326 3501 506 3565 dubitatum
540 3505 604 3584 est,
638 3501 700 3565 nisi
728 3501 810 3584 quod
833 3523 900 3564 non
922 3499 1003 3563 nulli
1026 3507 1156 3565 illeciam
1186 3507 1303 3586 potius
1332 3508 1380 3572 rel

128 3690 131 3696 Ι
229 3619 379 3677 ltloeciom
401 3612 496 3675 scribi
521 3612 702 3676 voluerunt:
732 3611 834 3695 qualis
858 3633 934 3673 sane
957 3632 1023 3674 non
1045 3610 1200 3694 frequens
1227 3621 1296 3700 est,
1328 3618 1381 3682 sed

230 3725 382 3787 constans
410 3721 563 3786 librorum
593 3744 668 3786 mss.
700 3721 926 3804 discrepantia.
971 3719 1056 3784 Nam
1086 3743 1158 3784 oum
1187 3746 1209 3786 a
1243 3727 1382 3813 Metio*)

228 3833 373 3916 Fuffeti0,
397 3833 483 3897 Tulli
504 3832 635 3897 Hostilii
658 3832 794 3916 aequali,
821 3831 993 3897 Seruianae
1015 3834 1127 3914 portae
1150 3855 1281 3902 nomen
1305 3841 1383 3905 satis

296 4072 321 4139 *)
334 4072 422 4124 immo
434 4070 562 4126 Mettio.
587 4070 646 4134 Quo
666 4071 792 4140 spectaro
810 4069 928 4134 videtur,
947 4069 1023 4137 quod
1040 4069 1161 4124 fortasse
1174 4072 1318 4135 Mettium
1337 4096 1385 4148 po·

228 4164 283 4218 tius
302 4181 386 4232 quam
403 4166 519 4221 Mettum
537 4164 707 4233 appellatam
726 4180 786 4217 esso
804 4163 908 4216 Pareae
927 4161 1080 4216 adnotavit.
1119 4163 1200 4234 [Non
1222 4169 1386 4226 ullomodo

230 4259 417 4313 reiectaneam
436 4257 523 4312 videri
546 4258 651 4314 Metius
669 4258 786 4311 sormam
810 4273 843 4309 er
866 4255 904 4309 eis
921 4254 1101 4324 intellegetur
1119 4273 1196 4325 qnae
1217 4263 1258 4316 ad
1278 4266 1387 4330 Quinti-

232 4350 337 4404 lianum
354 4368 444 4420 nuper
463 4349 643 4405 commentati
661 4368 754 4403 sumus
773 4348 862 4403 Musei
878 4348 967 4402 Ithen.
986 4349 1005 4402 1.
1024 4348 1102 4401 XXII
1119 4367 1147 4420 p.
1168 4355 1251 4426 602]
