2946 5010
191 330 254 395 398
499 347 772 400 auauosmouas
795 348 1028 399 unnenscare.

191 504 338 584 cluarmm
361 500 448 564 huuc
470 524 597 567 versum
619 508 716 568 Simul
736 509 837 570 e'nieat
858 510 1027 584 suspiritus,
1052 508 1106 566 uin
1126 507 1244 580 suffere
1266 504 1334 563 lier-

191 618 237 676 ele
258 617 423 677 anhelitum
452 614 513 694 (sic
541 615 626 678 enim
654 614 708 678 ille
736 615 937 698 scribendus)
966 612 1042 676 hinc
1070 611 1236 695 demptum
1257 612 1335 674 trai·

192 723 312 786 ciamus
334 726 407 806 post
430 746 457 788 v.
477 727 517 787 14
540 722 637 813 [123]‚
661 747 727 789 non
750 729 823 810 post
845 725 883 789 13
907 746 978 788 eum
1001 722 1166 806 Scaligero
1188 722 1239 786 vel
1262 745 1336 786 cum

192 832 348 897 Seriverio
370 836 443 916 post
461 835 508 898 15.
539 834 648 899 Vnum
670 836 748 900 illud
771 857 858 900 nuuc
873 834 1064 920 quaerimus,
1088 832 1217 916 qualem
1239 837 1336 916 poeta

191 947 339 1027 quartum
362 943 499 1027 dederit,
531 946 565 1008 in
588 968 650 1029 quo
671 945 765 1010 nihili
788 968 856 1010 esse
879 945 961 1030 quod
983 945 1057 1008 inde
1080 965 1099 1007 a
1121 942 1242 1027 Pylade
1267 941 1336 1006 Bri·
1367 955 1370 959 '

191 1055 293 1117 riensi
315 1059 513 1138 propagatur
532 1062 713 1135 plenissnme
734 1078 792 1134 eos,
817 1055 913 1120 facile
934 1058 983 1119 est
1004 1055 1043 1117 ad
1067 1053 1333 1138 intellegendum.

121 1240 124 1245 0
189 1163 271 1239 Quid
294 1165 380 1228 enim
401 1164 571 1230 locutionis
593 1166 671 1230 illud
694 1171 743 1231 est
764 1167 894 1230 taudem
911 1171 1085 1245 plenissime
1106 1170 1256 1246 espeltere
1278 1165 1336 1228 ali·

189 1296 282 1358 quem
306 1276 354 1340 vel
378 1282 555 1354 detrudere,
580 1283 744 1343 deturbare
772 1285 803 1342 in
825 1276 929 1342 viam?
972 1275 1040 1339 Nec
1062 1275 1167 1360 magis
1190 1275 1336 1359 profecto

189 1389 263 1470 apte
286 1389 342 1449 aut
364 1387 480 1450 usitate
502 1387 553 1450 vel
569 1395 746 1468 planissime
768 1387 817 1451 vel
834 1393 1021 1467 penitissime
1042 1385 1092 1449 vel
1116 1385 1195 1448 adeo
1214 1394 1336 1466 paenis·

187 1504 260 1561 sime
291 1496 403 1580 aspelli
440 1497 607 1563 adversum
635 1503 748 1563 euntes
788 1498 950 1562 dicentur:
987 1496 1026 1559 de
1053 1495 1170 1580 quibus
1204 1497 1336 1561 vocibus

188 1606 345 1670 Lambino
367 1608 446 1671 duce
469 1608 524 1672 alii
548 1606 741 1694 cogitarunt.
787 1608 854 1684 Quo
883 1606 1006 1672 accedit
1032 1606 1115 1690 quod
1145 1629 1186 1671 ne
1209 1612 1336 1672 numeri

189 1719 316 1802 quidem
338 1717 451 1784 horum
466 1720 635 1804 quiequam
658 1720 840 1804 patiuntur:
864 1717 978 1802 quibus
995 1739 1066 1781 eum
1081 1719 1337 1802 transpositione

189 1827 356 1892 verborum
378 1851 428 1893 eos
445 1838 647 1911 paenissime,
671 1852 721 1894 eos
733 1836 915 1911 plenissime
930 1829 1008 1892 satis
1024 1828 1092 1893 lieri
1108 1826 1248 1892 Bothius
1265 1851 1337 1893 cum

190 1938 314 2021 Guyeto
342 1939 528 2023 voluerunt,
559 1964 578 2004 a
605 1941 758 2005 librorum
786 1940 938 2004 memoria
966 1949 1095 2022 prorsus
1118 1939 1335 2004 desciverunt.

189 2048 242 2113 Sic
265 2051 350 2113 enim
373 2051 538 2114 sciendum
561 2055 610 2115 est
632 2052 667 2115 in
683 2052 811 2135 optimis
834 2050 989 2133 seriptum
1005 2070 1087 2114 esse:
1112 2054 1212 2116 Simul
1234 2063 1336 2116 autem

187 2166 396 2239 plenissimetis
422 2168 489 2241 qni:
527 2163 611 2245 quod
638 2163 673 2225 in
705 2174 770 2226 una
797 2161 944 2247 principe
972 2160 1111 2223 editione
1139 2162 1274 2251 transiit
1302 2163 1337 2225 in

185 2277 357 2349 plenissime
378 2277 416 2336 iis
430 2280 492 2351 qni.
524 2272 617 2336 Vnde
640 2294 730 2337 suam
746 2271 861 2335 Plauto
885 2270 1079 2355 elegantiam
1102 2275 1191 2335 recte
1212 2271 1337 2356 dispes-

188 2380 228 2443 tis
252 2381 383 2465 syllabis
407 2383 452 2446 sic
474 2383 601 2447 reddes:
659 2367 667 2377 ’

252 2523 347 2582 Simul
371 2527 480 2597 alitem,
504 2526 626 2599 plenis
649 2525 799 2584 semitis
822 2525 874 2601 qui
890 2524 1049 2585 advorsum
1073 2527 1156 2597 eunt,
1181 2525 1336 2599 asponae,

250 2609 393 2683 estraes,
421 2610 548 2668 deturba
572 2613 603 2668 ln
626 2611 721 2671 viam:

110 2752 113 2757 “
187 2738 218 2802 h.
243 2762 269 2802 e.
295 2740 378 2803 ultro
401 2741 542 2825 citroque
565 2742 812 2806 commeantium
841 2763 996 2805 concursu
1019 2740 1156 2823 crebris,
1184 2741 1336 2826 frequen·

186 2850 272 2912 tibus
295 2851 426 2933 semitm,
451 2852 597 2917 similiter
619 2857 714 2936 atque
737 2851 854 2918 Caesar
875 2858 963 2917 simnl
984 2851 1091 2935 inquit
1112 2857 1339 2918 eninraduertit

186 2964 280 3022 mittin
302 2966 433 3040 undique
453 2971 577 3041 portari
597 2975 688 3043 atque
710 2971 764 3041 api
787 2948 968 3043 plenissimis
990 2968 1054 3039 niis,
1078 2983 1158 3040 enne
1180 2972 1340 3042 repentini

185 3075 329 3134 tumultus
351 3077 455 3138 timore
476 3093 516 3136 ex
543 3082 629 3151 apris
655 3080 685 3137 in
714 3079 816 3138 nibem
845 3076 1048 3150 conferentur
1075 3071 1224 3135 debello
1249 3074 1336 3137 civili

184 3178 226 3261 ll,
250 3181 302 3244 25.
347 3181 447 3246 Recte
480 3187 587 3247 autem
615 3187 648 3248 et
678 3184 763 3247 erei
791 3184 925 3247 veritate
953 3182 1119 3246 adversum
1149 3188 1266 3247 euntes
1296 3185 1337 3248 de

185 3291 300 3355 semita
322 3291 402 3357 deiei
425 3294 567 3359 inviam
590 3294 667 3378 diei,
698 3294 898 3359 Curculionis
927 3314 1044 3357 scaena
1072 3295 1213 3357 testatur
1236 3295 1337 3378 longe
1389 3325 1391 3328 >

183 3401 346 3467 simillima
367 3403 410 3489 Il,
433 3406 469 3470 3:

268 3564 345 3621 Date
367 3565 446 3623 viam
469 3564 542 3622 mihi
564 3564 629 3622 noti
652 3556 760 3640 ignoti
785 3562 855 3621 dum
880 3581 935 3639 ego
958 3563 1006 3620 hic
1029 3562 1162 3620 officium
1184 3583 1291 3623 ursum

270 3649 374 3707 Facio:
398 3646 495 3725 sugite
518 3668 629 3721 omnes,
653 3649 733 3707 abite
757 3652 786 3705 et
809 3649 845 3705 de
868 3649 916 3706 via
939 3648 1082 3719 decedito,
1175 3693 1177 3695 >

269 3734 315 3792 Ne
345 3754 433 3810 quem
462 3735 493 3793 in
524 3753 611 3792 eursu
635 3735 731 3809 eapite
754 3736 807 3792 aut
829 3733 930 3791 cubito
954 3736 1006 3790 aut
1028 3735 1148 3807 pectore
1178 3734 1336 3793 offendam

794 3821 847 3876 aut
868 3837 964 3894 genu:

269 3901 317 3963 Ita
338 3923 418 3964 nunc
433 3903 533 3964 subito
557 3922 683 3980 propere
698 3908 729 3962 et
744 3904 837 3962 celere
860 3903 1042 3962 obiectumst
1063 3903 1138 3961 mihi
1159 3906 1335 3981 negotium.

189 4042 385 4050 ψ’*-

184 4113 250 4185 satis
279 4113 322 4167 vel
349 4116 489 4168 assecutos
513 4130 573 4167 esse
595 4112 638 4166 vel
662 4111 825 4180 pensitasse.
862 4109 936 4176 Qum
960 4110 1053 4177 aliqua
1075 4127 1108 4165 ex
1136 4113 1221 4181 parte
1247 4114 1335 4183 expli—

183 4205 243 4259 cavi
261 4206 288 4259 in
307 4204 387 4260 huius
405 4207 550 4289 voluminis
568 4204 762 4259 dissertatione
779 4202 804 4257 Χ
825 4223 852 4274 p.
865 4205 891 4258 V
904 4222 944 4271 sq.
970 4202 1146 4271 Quamquam
1165 4222 1229 4260 sero
1248 4206 1334 4261 video

183 4300 267 4351 etiam
286 4299 452 4353 considerati
464 4300 553 4353 virum
571 4298 665 4352 iudicii
679 4298 828 4352 Brixiam
848 4297 914 4351 arihi
934 4297 1076 4351 adversari
1094 4297 1236 4367 Philologi
1249 4303 1267 4352 t.
1280 4300 1335 4354 XII

183 4407 209 4459 p.
229 4392 301 4460 650⁴]
