2986 5004
467 356 691 412 anossaruvn
714 357 927 404 enavmnvn.
1208 337 1271 402 233

129 517 233 602 aliquo
254 492 288 579 iir
312 515 381 578 loco
403 514 436 577 id
458 535 561 598 genus
583 533 677 575 omne
699 512 904 595 quantumvis
927 510 1035 594 exigui
1050 508 1146 593 pretii
1161 508 1271 592 paucis

128 615 390 711 comprehensum
412 624 531 688 intueri
554 624 695 706 possent.

209 737 248 800 ln
276 734 501 799 instrumentis
535 736 641 796 autern
664 733 941 816 interpretationis
962 735 1091 815 praeter
1113 731 1271 795 adnotati-

126 869 202 912 ones
236 847 351 910 merito
384 845 545 909 habentur
566 843 770 928 glossaria
792 864 934 908 seorsum
957 844 1146 926 perscripta.
1191 841 1271 905 Eius

128 958 211 1022 modi
234 956 452 1041 Virgiliannm
485 977 687 1039 nequaquam
720 955 885 1019 indoctum
908 952 1008 1018 edidit
1030 952 1183 1016 Barthius
1206 952 1271 1015 Ad·

127 1091 207 1133 vers.
221 1066 389 1149 XXXVII,
412 1065 444 1149 5,
461 1065 564 1129 simile
580 1069 688 1129 autem
704 1064 936 1129 Terentianum
951 1064 1069 1128 ibidem
1084 1062 1269 1146 XXXVIII,

130 1179 176 1242 14.
222 1177 328 1242 Ν11111
350 1176 545 1259 scriptorum
565 1175 759 1240 testimoniis
781 1177 991 1258 instructum,
1026 1175 1081 1238 sed
1105 1172 1271 1258 explicati·

128 1289 241 1352 onibus
271 1290 400 1351 tantum
432 1286 523 1350 valde
545 1287 712 1370 tenuibus,
750 1286 887 1350 alterum
909 1290 958 1350 est
979 1284 1209 1349 Terentianum
1231 1307 1271 1349 cx

128 1407 220 1464 celeri
239 1403 345 1464 codice
366 1397 407 1461 ab
431 1396 652 1460 Westerhovio
674 1396 842 1480 vulgatum
864 1396 924 1460 vol.
947 1396 979 1460 II
1001 1418 1033 1479 p.
1058 1396 1099 1459 99
1121 1396 1170 1459 ed.
1194 1395 1269 1459 mai.

130 1508 262 1574 Brevins
285 1508 399 1590 etiam,
433 1507 488 1571 sed
511 1507 611 1571 multo
634 1506 718 1570 idem
740 1507 866 1589 utilius,
899 1529 987 1570 nunc
1009 1506 1099 1570 vobis
1122 1506 1271 1590 proponi-

129 1643 196 1683 mus
220 1620 261 1683 ad
277 1618 427 1682 Plautum
448 1618 624 1702 pertinens.
671 1616 824 1682 Continet
845 1617 878 1682 id
900 1617 1129 1701 explicationes
1144 1616 1272 1700 quidem

129 1729 355 1814 propemodum
378 1727 499 1810 nullas,
529 1728 587 1791 sed·
606 1728 690 1791 solas
714 1751 806 1792 voces
829 1728 1013 1810 Plautinae,
1038 1749 1154 1811 easque
1176 1728 1271 1791 unius

130 1844 255 1904 tantum
289 1839 434 1924 generis,
468 1838 551 1922 quod
579 1842 628 1902 est
651 1840 912 1920 ἐπιρρηματικόνε
950 1839 1097 1903 similiter
1120 1841 1215 1922 atquc
1237 1839 1272 1902 in

130 1951 239 2014 eodem
262 1949 417 2034 genere*)
450 1949 546 2034 longe
578 1948 701 2013 doctior
733 1973 766 2014 se
789 1949 860 2014 Iulii
885 1950 1023 2014 Romani
1052 1971 1149 2033 opera
1172 1949 1272 2014 conti-

129 2061 200 2125 nuit
223 2060 308 2144 apud
321 2058 499 2125 Charisium
522 2059 543 2123 l.
567 2058 599 2122 II
623 2082 641 2122 a
663 2082 695 2143 p.
722 2063 782 2125 175
805 2060 844 2124 ad
870 2060 929 2124 108
952 2061 988 2124 Ρ.
1015 2059 1196 2147 [lae-224
1217 2058 1271 2141 K,

131 2172 269 2254 itemque
297 2169 397 2233 Nonii
431 2177 528 2253 capnt
560 2168 607 2233 XI
639 2170 803 2254 integrum
836 2172 920 2254 quod
953 2174 1002 2234 est
1029 2177 1068 2235 de
1101 2177 1274 2234 indiscretis

130 2282 311 2364 adverbiis]:
348 2302 457 2343 verum
498 2280 644 2344 criticum
677 2304 768 2344 usum
805 2281 905 2344 11111
938 2303 1004 2344 101
1044 2280 1271 2363 spernendum.

130 2391 186 2455 Eis
218 2392 304 2454 eninr
338 2389 551 2473 temporibus,
587 2413 668 2474 quae
700 2391 818 2455 nostris
852 2391 979 2474 (pridem
1001 2390 1092 2453 libris
1114 2390 1273 2454 Plautinis

131 2502 272 2583 (praeter
295 2498 394 2563 tinum
409 2500 672 2585 Ambrosianum)
689 2502 809 2584 aliquot
825 2501 959 2565 saeculis
976 2500 1157 2583 antiquiora
1172 2501 1271 2583 fuere,

131 2610 246 2695 aliquis
280 2611 346 2673 sive
369 2609 517 2673 librarius
540 2610 607 2674 sive
628 2613 859 2695 grammaticus
882 2610 913 2674 id
938 2610 1023 2693 egit,
1058 2614 1095 2674 ut
1116 2611 1150 2674 in
1173 2610 1273 2693 perle-

131 2719 244 2803 gendis
277 2720 578 2784 fabulisPlantinis
611 2722 785 2786 seeundum
812 2743 959 2786 versuum
981 2720 1186 2806 ordinem**)
1210 2721 1273 2784 sin-

130 2831 207 2914 gula
240 2828 429 2894 adverbia
452 2833 612 2907 epotaret,
640 2837 852 2916 quotcumque
874 2831 994 2915 aliquid
1017 2831 1045 2895 ei
1068 2831 1274 2895 memorabile

75 3025 79 3035 Ι
132 2940 250 3004 habere
274 2940 467 3004 viderentur.
513 2941 549 3004 Id
573 2945 679 3005 antem
702 2941 893 3026 glossarium
907 2945 1072 3024 tamquam
1089 2942 1275 3026 appendicis

130 3053 200 3115 loeo
224 3050 349 3114 codices
372 3049 500 3133 quidam
523 3050 680 3115 Prisciani
702 3056 831 3134 tenent,
866 3052 959 3116 modo
981 3052 1059 3116 XIV
1081 3053 1175 3116 modo
1197 3051 1274 3116 XVI

130 3162 214 3225 11110
229 3159 408 3224 subiectum
415 3160 496 3241 ***):
518 3161 574 3225 illo
589 3163 717 3245 quidem
732 3162 801 3226 loco
817 3161 1111 3226 Halberstadiensis
1133 3163 1275 3227 116111-

131 3335 336 3345 ...-—-—

200 3450 226 3515 *l
258 3446 399 3516 [Notabile
417 3449 471 3513 est,
493 3450 568 3517 quod
586 3450 622 3503 ad
639 3449 714 3504 idem
731 3468 820 3518 genus
838 3452 1059 3519 ἑπιρρηματικὸν
1077 3450 1116 3518 (11
1135 3466 1189 3516 quo
1201 3466 1275 3503 sano

130 3540 218 3611 prisci
236 3539 372 3594 sermonis
389 3542 546 3610 proprietas
558 3541 738 3611 insigniorem
756 3543 784 3597 in
802 3544 914 3599 modum
928 3543 1024 3610 enitet)
1044 3561 1077 3597 ex
1090 3542 1276 3611 antiquissimi

130 3632 297 3702 interpretis
316 3632 437 3686 Plautini
454 3635 484 3687 L.
504 3635 623 3690 Cornelii
641 3635 773 3691 Sisennae
793 3639 937 3703 quattuor,
957 3654 1026 3704 quas
1050 3635 1174 3690 Charisio
1194 3635 1275 3689 debc-

133 3745 210 3799 nrns,
234 3725 477 3780 observationibus
499 3730 556 3782 tres
577 3728 718 3798 pertinent
740 3747 811 3797 qnae
839 3731 903 3782 sunt
926 3729 960 3782 do
979 3733 1155 3786 examussim
1177 3732 1276 3785 tuatim
1309 3789 1313 3794 ⁸

132 3823 249 3877 tractim
267 3818 421 3873 adverbiis:
445 3820 520 3874 cuius
539 3821 579 3875 rei
595 3821 758 3877 testimonia
775 3822 930 3891 perscripta
948 3825 1013 3875 sunt
1031 3822 1174 3888 Parergon
1192 3819 1244 3874 vol.
1264 3820 1276 3872 1

131 3931 161 3982 p.
182 3917 241 3965 385.
278 3911 419 3976 (Ceterum
438 3912 472 3966 do
491 3918 603 3971 tractim
626 3932 697 3982 quae
716 3915 856 3969 Charisius
879 3933 906 3983 p.
928 3920 975 3968 196
999 3914 1121 3980 (221K.)
1144 3913 1223 3966 addit
1241 3913 1277 3967 ad

132 4003 258 4058 Maronis
285 4003 424 4071 Georgica
452 4007 619 4074 spectantia,
646 4026 696 4062 sna
722 4011 822 4078 sponte
844 4008 963 4077 apparet
986 4007 1021 4060 ab
1039 4005 1126 4075 ipsius
1144 4005 1277 4060 Sisennae

134 4096 279 4150 mentione
296 4112 411 4164 prorsus
428 4098 599 4167 seiungenda
617 4103 708 4170 asael]

202 4188 246 4253 “l
266 4186 402 4255 [Eundem
424 4191 549 4245 ordinem
567 4192 595 4246 in
613 4210 659 4259 eo,
678 4194 725 4262 qui
743 4194 878 4249 tredecim
901 4197 932 4248 ut
949 4193 1060 4248 videtur
1077 4192 1186 4246 fabulas
1204 4209 1277 4247 com·

132 4281 323 4351 plectebatur,
336 4283 534 4338 commentario
544 4287 637 4340 vetere
648 4287 894 4341 Schottmuellerus
906 4288 924 4341 1.
938 4306 959 4341 s.
970 4305 989 4341 s.
1002 4285 1160 4341 observavit
1171 4305 1198 4356 p.
1209 4289 1277 4355 8231

205 4381 262 4448 m)
281 4377 439 4434 Fluetnanti
450 4376 518 4430 item
531 4379 596 4432 sede
613 4380 683 4435 illud
700 4381 735 4436 de
752 4381 916 4451 pronomine
934 4381 1131 4451 fragmentum,
1149 4379 1221 4434 unde
1239 4379 1278 4434 in-
