2946 5010
276 320 278 325 ·
383 313 430 358 na·
454 310 573 360 roam
597 299 742 358 ‘uaria’
765 312 867 359 vanis
890 311 1022 359 uonna.
1211 296 1273 360 383

124 468 228 530 restat
249 466 332 549 quod
355 487 412 550 per
434 488 467 529 se
490 468 559 529 erat
581 465 864 548 suspectissimum.
910 465 998 549 Ergo
1020 468 1188 549 postquam
1211 465 1273 529 ista

125 576 356 661 suppliciorum
388 579 481 659 porta
514 575 705 660 supplicium
727 576 798 660 ipsa
820 576 933 659 subiit,
967 574 1122 659 numquid
1151 575 1273 639 dubita-

126 688 234 750 bimus
264 688 414 752 funerare
438 687 533 750 etiarn
566 685 758 750 funebrem?
802 686 847 749 Et
872 708 945 750 ccoe
967 708 1093 750 rursum
1115 686 1177 770 ipsi
1199 685 1273 750 libri

126 797 247 860 adsunt
268 800 301 860 ct
322 797 464 882 graviter
487 796 691 859 auxiliantur.
736 795 822 859 Nam
845 796 897 860 hic
920 818 1043 880 quoquc
1067 802 1191 860 Metram
1214 796 1272 860 soli

125 907 261 971 debetur
284 907 459 972 Saracena:
482 908 517 970 in
540 906 679 970 editione
701 907 847 990 principe
870 911 919 970 est
941 914 1084 990 uicinam,
1107 908 1143 971 iu
1166 907 1273 972 codice

126 1016 264 1082 Etrusco
296 1017 567 1101 nietuom,1quod
601 1017 635 1079 in
662 1029 804 1098 uyeluem
828 1037 1015 1081 conversum
1037 1017 1114 1081 Pius
1147 1019 1273 1102 quidem

125 1127 400 1212 interpretabatur
432 1140 626 1208 nocturnam,
665 1127 806 1211 suscepit
837 1127 872 1191 in
905 1125 1093 1191 Brixianam
1125 1127 1271 1211 Pylades,
1292 1141 1320 1189 11

126 1260 244 1303 menum
260 1238 416 1323 Longolio
438 1238 587 1322 praebuit
603 1236 767 1301 Romanus
790 1237 899 1320 codex,
923 1237 1143 1302 Palatinarum
1166 1243 1273 1302 autem

129 1350 306 1414 communis
340 1361 467 1414 metnnm
494 1349 653 1432 scriptura
675 1350 733 1411 est.
780 1347 823 1431 [Ε
845 1348 948 1412 tribus
971 1348 1273 1413 Vindoboncnsibus

128 1461 256 1524 enotavi
278 1473 418 1537 menium,
447 1465 572 1536 nituere,
597 1456 777 1545 aprluna]
807 1447 846 1521 [11
869 1459 983 1542 quibus
1016 1460 1160 1543 vestigiis
1194 1462 1273 1524 satis

128 1576 265 1655 apparet
279 1572 470 1634 adiectivum
492 1569 602 1653 latere,
626 1568 710 1653 quod
732 1590 797 1631 non
822 1573 871 1633 est
893 1591 949 1632 cur
963 1570 1002 1633 ad
1020 1573 1145 1654 portam
1167 1571 1274 1654 potius

128 1703 223 1764 quam
257 1681 297 1744 ad
320 1680 530 1745 Cleostratam
562 1701 693 1743 uxorem
726 1682 872 1762 spectare
894 1679 1094 1773 arbitremur.
1139 1678 1207 1743 Nec
1229 1681 1273 1744 vi-

128 1792 237 1874 detur,
272 1791 347 1874 quid
380 1793 474 1875 poeta
507 1790 686 1873 scripserit,
722 1789 818 1873 longe
851 1791 1033 1874 petendum.
1084 1790 1168 1855 Nam
1203 1814 1273 1854 curu

130 1903 279 1985 frequens
301 1901 418 1965 Plauto
445 1900 523 1964 illud
551 1922 652 1985 genus
680 1900 723 1963 sit
748 1905 799 1984 ut,
824 1902 908 1985 quod
929 1901 1055 1965 iocandi
1079 1923 1190 1966 caussa
1211 1903 1274 1985 pri-

130 2034 215 2076 mum
245 2012 393 2096 ambigue
426 2033 564 2096 persona
586 2032 729 2094 quaeque
751 2011 890 2094 dixerat,
920 2012 1063 2076 subiecta
1085 2012 1274 2096 intcrpreta-
1311 2020 1313 2023 '

131 2123 218 2185 tione
241 2144 314 2185 mox
342 2122 428 2206 ipsa,
453 2144 548 2206 quarn
570 2123 604 2185 in
627 2124 752 2205 partem
773 2122 878 2186 valere
900 2122 988 2205 velit,
1013 2122 1167 2186 declaret:
1200 2145 1274 2206 qno—

130 2232 218 2295 niam
241 2233 276 2295 iu
299 2233 451 2317 ambigua
473 2231 708 2315 aliquantulum
728 2233 858 2296 notione
880 2239 1036 2296 ardentem
1059 2236 1135 2296 ante
1157 2231 1276 2296 luserat

131 2343 300 2425 Chalinus,
324 2344 358 2406 in
374 2344 438 2406 fine
452 2364 572 2425 versus,
595 2365 637 2406 ne
660 2342 735 2426 quid
756 2342 806 2405 vel
822 2342 1001 2407 Cleostrata
1015 2342 1064 2406 vel
1081 2343 1275 2424 spectatores

131 2452 344 2534 haesitarent,
379 2452 541 2517 commode
571 2451 686 2516 addere
714 2465 896 2517 mortalem
918 2453 1032 2536 potuit.
1077 2451 1167 2526 Quod
1190 2451 1277 2516 velut

129 2565 175 2626 sic
196 2564 352 2647 scriptum
373 2549 503 2627 mutuam
532 2562 685 2626 facillime
718 2562 752 2625 in
779 2575 905 2627 metuam
934 2563 1110 2626 transibat:
1145 2563 1186 2625 ab
1214 2562 1275 2625 hac

131 2674 216 2737 cuim
246 2673 374 2737 Veteris
408 2674 524 2737 codicis
557 2675 711 2737 memoria
742 2673 1005 2756 proficiscendum
1039 2676 1098 2736 est.
1142 2672 1275 2736 Plautus

131 2788 238 2847 auteur
266 2787 421 2867 quantum
444 2783 491 2847 illi
513 2784 609 2866 mori,
643 2806 704 2867 quo
727 2786 941 2867 spectatorum
964 2782 1141 2847 intellectui
1165 2804 1276 2846 consu-

131 2893 227 2974 leret,
260 2893 430 2958 indulserit
462 2898 535 2976 (nec
557 2893 644 2957 enirn
666 2894 694 2957 ci
728 2894 924 2958 auscultasse
947 2892 1162 2958 Athenienses
1184 2916 1276 2977 repu-

131 3004 266 3067 tandum
289 3008 366 3087 est),
401 3004 547 3088 singulae
579 3005 708 3068 fabulae
730 3008 905 3088 testantur,
930 3004 1008 3068 adeo
1030 3010 1067 3067 ut
1088 3027 1148 3068 neo
1170 3004 1277 3068 desint

132 3137 226 3198 sane,
261 3136 342 3198 (puae
375 3115 516 3199 paullum
542 3108 743 3200 langueant*
773 3115 956 3198 Eodemque
978 3115 1142 3198 pertinent
1163 3114 1276 3201 Militis

133 3226 228 3288 verba
251 3225 292 3288 ab
314 3225 406 3289 initio
434 3225 541 3289 allata.
576 3226 663 3301 Quae
687 3248 757 3289 cum
780 3248 846 3290 non
869 3226 908 3290 ad
935 3247 1083 3310 poenam,
1106 3248 1169 3310 qua
1193 3226 1275 3288 vitae

132 3340 326 3420 parceretur,
351 3336 553 3419 rettulerunt,
577 3337 632 3399 sed
655 3336 693 3400 ad
713 3337 905 3420 supplicium
926 3336 965 3399 de
986 3337 1090 3420 capite
1102 3338 1273 3419 sumptum,

131 3447 165 3510 iu
188 3469 297 3511 verum
319 3450 448 3530 praeter
469 3447 627 3511 rationem
650 3447 842 3511 inciderunt.
887 3446 953 3511 Nos
977 3447 1079 3530 enim,
1102 3451 1139 3510 ut
1161 3446 1275 3508 1111111-

130 3561 357 3641 terpretemur,
394 3558 490 3621 codex
523 3558 649 3621 demum
672 3558 903 3622 Ambrosianus
938 3561 1065 3640 movet,
1104 3558 1192 3620 cuius
1215 3555 1275 3616 fide

131 3668 302 3750 pristinam
324 3669 516 3752 scripturam
538 3668 622 3731 hanc
644 3670 767 3752 pridem
792 3670 839 3751 [in
860 3669 1020 3752 prooemio
1035 3665 1154 3730 Indicis
1176 3663 1273 3727 schol.

131 3781 210 3841 aest.
234 3777 367 3842 Vratisl.
391 3801 420 3842 a.
447 3778 539 3867 1839]
565 3780 871 3844 commendavimus:

176 3954 272 4014 Credo
290 3959 345 4032 tgo
361 3955 438 4015 istoc
453 3957 588 4032 exemplo
612 3955 669 4015 tibi
692 3978 770 4017 osse
792 3955 1023 4032 pereundum
1047 3956 1131 4010 extra
1147 3955 1273 4027 portam,

177 4040 329 4115 Dispessis
351 4042 489 4100 manibus
505 4042 675 4117 patibulum
699 4063 765 4101 cum
787 4041 920 4100 habebis.

131 4221 216 4287 Nam
241 4222 374 4307 vulgata
395 4224 522 4307 quidem
544 4225 704 4309 scriptura
726 4231 779 4289 liti
799 4246 861 4288 esse
882 4228 1013 4287 erardum
1035 4233 1169 4287 uetulum
1186 4233 1277 4287 cetra

126 4345 254 4413 portum
276 4333 348 4415 plus
372 4335 514 4417 profecto
530 4337 694 4398 molestiae
717 4339 804 4399 creat
826 4359 920 4420 quam
937 4337 1137 4417 perspectum
1166 4337 1214 4398 est
1237 4335 1277 4398 ab
