2992 4996
232 304 295 370 266
572 320 794 372 enossmuvu
816 321 1032 370 rnavrmvn.

231 476 377 560 subiecit,
401 477 436 541 in
458 475 573 560 quibus
595 479 645 540 est
666 487 732 540 tusc
751 497 829 556 nnn
849 484 1051 556 prntntnntis:
1074 479 1105 541 id
1128 480 1211 564 quod
1233 480 1374 545 indidem

232 588 296 652 iam
319 586 504 652 Bondamus
527 586 706 671 protulerat
728 586 804 650 Vnr.
828 586 901 651 lect.
925 610 956 672 p.
979 589 1053 653 239.

316 699 357 765 83
375 702 610 778 [ναραῐίὶενε
633 697 751 762 Persae
772 697 830 781 IV,
858 701 885 781 1,
913 701 927 762 l
952 699 1040 781 (449)
1068 704 1105 765 Si
1124 704 1214 780 quem
1237 723 1301 767 rem
1324 724 1376 769 cc-

231 831 321 876 enres
353 813 450 875 sobrie
482 821 536 875 cat
564 812 749 892 sinedliter3
785 809 863 873 item
892 831 922 872 v.
946 809 967 873 6
990 810 1078 893 (454)
1102 816 1156 876 Sin
1172 814 1286 877 etitem
1305 819 1376 891 sru-

230 929 304 1002 eist,
340 923 480 986 e'ceniant
504 923 691 998 [mentiterz
728 919 755 983 si
777 920 871 983 modo
893 918 980 984 hunc
1001 942 1127 985 versum
1150 923 1231 1008 legit
1252 924 1377 1010 glosso-

229 1028 383 1118 graphas.

314 1143 648 1223 &compluriensz
685 1142 728 1206 ib.
752 1141 815 1225 IV,
853 1142 890 1224 3,
928 1141 970 1206 65
1002 1142 1094 1228 (534)
1126 1145 1211 1208 senei
1235 1154 1379 1225 eonium

232 1254 442 1335 conptiriens.

314 1364 356 1430 85
378 1371 633 1444 contemptim:
656 1364 700 1428 ib.
724 1362 781 1446 lv,
805 1365 836 1446 3,
861 1365 900 1429 77
925 1364 1016 1450 (547)
1038 1366 1071 1430 tit
1091 1374 1284 1446 contemptim
1306 1372 1378 1434 ec'r-

229 1479 337 1547 natea.

315 1587 356 1651 86
373 1592 648 1667 proqncriter:
685 1585 728 1650 ib.
751 1585 809 1669 ΙΙΙ,
838 1587 874 1669 4,
912 1587 955 1650 39
978 1587 1068 1673 (588)
1097 1610 1155 1667 cpe
1177 1590 1282 1653 indica
1301 1612 1377 1671 pra

229 1700 381 1778 endriter.
411 1696 612 1780 Scriptorum
626 1696 734 1760 firmat
744 1695 870 1761 Nonius
892 1720 924 1781 p.
941 1698 1001 1762 150
1016 1701 1049 1762 et
1067 1699 1137 1781 154,
1161 1699 1261 1763 allato
1277 1703 1379 1765 etiam

151 1835 155 1840 ·
230 1808 332 1873 Ennii
363 1830 402 1873 ex
423 1807 607 1872 Annalibus
640 1829 733 1872 versu
766 1808 843 1891 (215
870 1806 936 1892 V.),
972 1810 1084 1872 contra
1105 1809 1290 1875 Acidalium
1324 1814 1378 1877 cui

225 1926 446 2000 prcepncriter
477 1918 641 2003 placebat,
679 1917 934 2003 Lambinumque
956 1922 989 1984 et
1009 1919 1199 1984 Muellerum
1222 1923 1278 2005 (ad
1300 1923 1378 1989 Fes-

230 2032 299 2094 tum
321 2052 353 2114 p.
378 2030 432 2112 95)
455 2030 511 2114 qui
528 2035 732 2110 proqnariter
753 2029 941 2094 suadebant.

315 2140 354 2206 87
378 2147 542 2206 interibi
569 2163 586 2204 c
608 2139 707 2205 Persa
729 2145 914 2226 excerptum
936 2141 988 2205 vix
1010 2164 1102 2225 posse
1124 2142 1267 2208 dubitari
1289 2146 1377 2210 virle-

229 2255 283 2316 tur
307 2250 385 2335 quin
407 2251 514 2337 aliquo
535 2251 605 2316 loco
627 2251 828 2316 interciderit
849 2252 936 2316 inter
957 2275 987 2317 v.
1011 2253 1073 2317 588
1095 2257 1129 2318 et
1149 2254 1211 2318 677
1235 2255 1304 2319 eius
1328 2257 1377 2321 fa-

229 2363 339 2446 bulae,
372 2361 405 2425 id
427 2364 510 2447 quod
533 2362 655 2427 conieci
677 2363 777 2446 praef.
800 2385 832 2447 p.
857 2362 902 2427 X:
931 2363 1058 2448 quando
1080 2386 1193 2447 parum
1221 2366 1377 2432 credibile

231 2477 279 2537 est
306 2475 451 2557 spectare
483 2472 578 2556 illud,
602 2495 748 2537 versuum
775 2473 886 2537 ordine
922 2495 1051 2557 prorsus
1072 2475 1200 2539 inverso
1220 2476 1274 2540 vel
1294 2500 1377 2563 neg-

230 2584 330 2668 lecto,
365 2583 458 2666 adl,
482 2585 512 2666 3,
537 2584 578 2648 85
600 2582 705 2666 (165),
743 2584 798 2647 ubi
820 2583 907 2648 felici
936 2606 1014 2649 sane
1042 2585 1188 2650 acumine
1210 2593 1339 2653 interibi
1359 2612 1377 2652 e

231 2694 386 2759 librorum
420 2693 608 2778 corruptelis
642 2694 726 2758 eruit
758 2693 934 2758 Acidalius.
989 2694 1112 2758 Eadem
1144 2696 1254 2780 glossa
1286 2699 1376 2763 infra

228 2809 249 2886 ξ
272 2805 313 2869 94
335 2804 419 2868 redit
440 2826 457 2868 c
480 2803 581 2870 Stichi
603 2804 647 2888 ΙΙ,
670 2806 707 2887 2,
745 2807 785 2869 47
809 2807 897 2887 (371)
920 2800 1057 2869 'Interibi
1077 2809 1279 2886 Epiqnomtirn
1302 2831 1375 2875 eon·

227 2922 337 2995 spicio,
363 2914 418 2978 ubi
440 2914 475 2979 in
497 2914 596 2979 libros
618 2937 729 2980 omnes
751 2923 869 2980 interim
891 2915 1043 2999 inrepsit,
1081 2919 1118 2980 ut
1139 2916 1174 2981 in
1197 2918 1376 2985 deteriores

123 3004 126 3010 ¹
228 3025 419 3110 aliquotiens
442 3025 529 3090 alibi.
540 3026 572 3111 *)
617 3024 738 3090 Eadem
760 3026 864 3089 forma
885 3025 971 3090 haud
994 3027 1059 3090 seio
1074 3049 1117 3090 an
1132 3029 1181 3091 sui
1198 3030 1374 3115 vestigium

227 3196 300 3233 nunc
311 3177 402 3249 ipsum
414 3179 443 3232 in
455 3178 583 3233 manibus
596 3177 695 3243 habeo,
714 3177 798 3232 liceat
809 3177 961 3232 levidensis
973 3179 1111 3246 quaedam
1125 3180 1266 3249 corrigere
1279 3199 1298 3235 a
1310 3182 1375 3237 Kei-

227 3272 265 3329 lio
282 3273 486 3343 praetermissa.
522 3273 555 3326 In
571 3271 717 3342 Excerptis
740 3270 813 3325 enim
831 3288 846 3325 e
864 3270 1026 3393 Comipizpno
1043 3270 1097 3324 illie
1115 3290 1172 3327 non
1191 3275 1236 3326 est
1254 3286 1376 3334 murmur

826 3361 925 3408 compr
961 3361 1005 3394 nn

227 3431 414 3496 concipientis
431 3426 459 3479 in
471 3426 599 3481 Leidensi
616 3425 758 3495 scriptum,
775 3425 825 3480 sed
841 3422 905 3474 mut
921 3445 927 3458 ·
944 3424 1013 3485 mul,
1032 3425 1106 3478 inter
1124 3442 1159 3480 ea
1176 3428 1281 3494 autem,
1301 3446 1373 3497 quae

229 3530 292 3582 sunt
322 3518 394 3577 buta
417 3548 423 3560 ·
452 3518 522 3577 betta
544 3548 551 3560 ·
576 3530 753 3598 dispicientia
784 3528 812 3580 ei
839 3533 905 3592 1)οΡ
927 3548 934 3560 ·
956 3532 1109 3597 strepentis,
1135 3521 1375 3583 insertuwoche

227 3624 410 3680 ostendentis.

295 3717 321 3784 *)
350 3714 396 3770 Sic
418 3710 532 3773 interim
553 3731 605 3784 pro
628 3717 743 3772 interibi
765 3714 913 3784 Lipsiensis
936 3715 1049 3782 eiusque
1072 3714 1170 3769 affines
1197 3717 1374 3773 substituunt

228 3808 344 3864 Poenuli
361 3809 408 3874 ΙΠ,
427 3816 451 3874 3,
470 3816 498 3874 33
525 3809 554 3861 in
572 3812 685 3866 interim
708 3811 759 3865 tibi
774 3807 849 3862 idem
865 3809 894 3862 in
917 3808 1021 3863 eisdem
1039 3807 1151 3862 transiit
1167 3809 1308 3866 Rudentis
1325 3813 1373 3876 IV,

228 3909 252 3968 6,
265 3910 298 3956 20
316 3904 404 3970 (1224)
430 3902 459 3956 in
477 3907 553 3960 intro
572 3904 619 3959 abi
634 3901 779 3956 Asinariae
797 3901 830 3967 V,
843 3909 866 3967 2,
879 3908 910 3955 41
930 3905 1008 3970 (891),
1027 3904 1111 3969 atquc
1129 3901 1201 3956 adeo
1219 3903 1249 3956 in
1266 3903 1373 3960 Vetere

228 3996 257 4048 in
276 3998 413 4054 interibo
432 3995 511 4066 Capt.
531 3995 563 4061 V,
584 4002 605 4062 l,
624 4002 655 4050 31
675 3999 759 4064 (951):
778 3995 852 4063 quod
870 3997 967 4049 contra
984 4012 1039 4049 non
1056 3995 1136 4064 potui
1155 4013 1221 4052 sane
1239 3997 1311 4063 qum
1328 4004 1373 4056 ire

229 4132 256 4146 ..
273 4093 349 4147 intre
367 4093 424 4146 inm
441 4105 492 4158 pro
511 4093 554 4146 ire
572 4093 729 4147 ..interim
753 4105 917 4159 reponerem
934 4089 1105 4143 Menaechm.
1125 4089 1163 4154 ΙΙ,
1181 4095 1211 4155 2,
1229 4096 1263 4144 54
1288 4095 1371 4159 (329).

229 4182 363 4236 Graviore
390 4183 549 4252 corruptela
570 4181 599 4235 in
622 4182 691 4252 ipsis
713 4182 847 4237 Palatinis
865 4201 966 4240 eurem
984 4185 1079 4240 metiti
1095 4181 1228 4252 seriptum
1248 4185 1294 4237 est
1316 4201 1370 4253 pro

228 4292 300 4330 cura
318 4278 433 4332 interibi
448 4276 549 4331 Persae
567 4275 584 4330 l.
605 4294 625 4329 s.
644 4294 678 4342 s.;
697 4275 800 4330 leviore
819 4281 947 4334 interinit
969 4277 998 4329 et
1015 4294 1050 4329 m.
1071 4293 1124 4330 sec.
1143 4275 1232 4333 interi
1253 4280 1308 4334 init
1324 4278 1371 4333 vel
1444 4326 1453 4335 ,

229 4367 321 4423 interi
336 4376 366 4425 ut
384 4385 417 4424 ex
436 4371 550 4428 interibi
567 4370 671 4426 factum
690 4369 786 4424 Militis
803 4370 837 4437 ΙΙ,
857 4378 879 4437 1,
897 4375 930 4424 at
949 4371 1027 4437 (104).
1087 4423 1098 4439 ,
