2986 5004
478 365 700 414 enosssmvn
722 365 937 413 Pnavrmvu.
1205 348 1280 415 „237

137 517 262 582 Horum
291 519 389 602 longe
411 518 640 583 usitatissimus
663 520 801 603 primus:
825 519 961 582 alterurn
985 518 1132 582 inlibris
1156 518 1283 582 circiter

136 629 276 713 triginta
298 630 435 714 repperi,
459 630 592 694 tertium
615 630 650 694 in
673 628 842 694 Vaticanis
864 629 960 693 2830.
985 629 1088 710 3871,
1113 628 1281 693 Ottoboni·

137 761 200 803 ano
221 740 317 821 2005,
341 738 566 804 Laurentianis
580 739 731 822 XXXVI,
755 740 807 803 42.
824 740 867 804 45
884 761 1010 822 unoque
1025 737 1280 803 Vindobonensi.

137 848 241 913 Huius
274 852 381 913 autam
412 850 646 934 discrepantiae
676 872 820 914 caussam
843 850 1037 934 perspicitur
1059 848 1160 912 solam
1182 849 1283 913 Aulu-

138 961 251 1024 lariam
284 960 400 1042 fuisse,
436 983 512 1025 casu
535 960 640 1044 aliquo
663 960 702 1024 de
723 961 820 1024 tertio
842 960 913 1024 loco
935 963 1074 1040 motam,
1109 960 1283 1044 repositam

139 1074 246 1134 aute1n
280 1071 373 1134 modo
394 1070 523 1152 ultime,
558 1070 651 1134 modo
674 1072 787 1154 quinto
808 1071 889 1135 loco.
935 1070 1034 1154 quue
1057 1070 1162 1154 magis
1185 1071 1283 1134 etiam

140 1180 216 1245 hinc
239 1183 391 1265 apparet,
426 1180 510 1264 quod
532 1204 597 1245 non
621 1181 719 1244 semel
740 1185 889 1245 octavum
911 1181 1017 1246 locum
1040 1184 1154 1244 tenens
1178 1203 1216 1245 ea
1237 1181 1284 1245 fa-

140 1292 216 1355 bula
238 1292 285 1355 sic
306 1290 463 1374 inscripta
485 1295 549 1356 est:
572 1298 680 1370 incipit
702 1297 864 1356 Aulularia
886 1297 1040 1356 comoedia
1063 1298 1168 1370 tertio,
1194 1292 1285 1356 utin

142 1401 316 1465 Harleiano
338 1401 432 1464 2704.
479 1400 665 1486 Singularia
687 1405 794 1465 autem
817 1401 897 1465 haec
920 1404 1007 1485 sunt,
1031 1382 1116 1485 quod
1139 1402 1285 1466 011111111-

142 1512 256 1575 lariam
278 1514 352 1595 post
373 1511 561 1595 Epidicum,
585 1515 618 1575 et
640 1510 858 1576 Cistellariam
879 1515 955 1576 ante
978 1511 1129 1595 Captivos
1153 1512 1286 1578 colloca·

142 1625 194 1684 tas
216 1622 399 1685 Marcianus
423 1621 501 1702 XII,
534 1624 703 1706 alienet,
733 1623 927 1687 Harleianus
950 1626 1057 1686 autem
1079 1622 1164 1687 2454
1185 1623 1287 1686 Aulu-

143 1732 256 1795 lariam
278 1736 352 1816 post
375 1731 534 1815 Oapfivos,
560 1731 783 1798 Curculionem
806 1744 879 1818 post
901 1732 1081 1818 Epidicum.

229 1843 279 1906 Ad
301 1843 493 1927 posteriores
516 1853 622 1908 autem
645 1843 708 1907 XII
729 1844 856 1908 fabulas
872 1844 956 1928 quod
972 1843 1097 1928 attinet,
1121 1847 1287 1910 1101101101-

144 1961 230 2016 tatus
252 1953 343 2035 ordo,
378 1953 432 2037 qui
455 1976 493 2017 ex
516 1953 654 2017 solamm
676 1954 849 2019 initialium
871 1955 982 2018 ordine
1005 1954 1188 2019 litterarum
1209 1980 1286 2041 pen-

144 2063 209 2145 det,
232 2064 284 2127 vix
307 2072 411 2147 potest
432 2067 574 2127 mutatus
598 2064 661 2128 dici
681 2065 716 2128 in
739 2064 899 2130 Vaticano
924 2066 1020 2149 1633,
1049 2065 1085 2130 in
1107 2089 1169 2150 quo
1192 2067 1287 2132 Pseu-

145 2173 252 2238 dolum
277 2225 283 2238 .
310 2224 317 2237 .
342 2224 349 2238 .
373 2173 603 2239 Truculentum
625 2175 791 2259 excipiunt
813 2174 990 2240 Bacchides
1013 2225 1020 2238 .
1046 2223 1053 2238 .
1080 2226 1087 2241 .
1110 2176 1286 2243 Mercator:

145 2307 227 2369 quae
260 2284 394 2369 simplex
426 2285 567 2350 inversio
601 2294 649 2349 est
682 2286 884 2350 dimidiarum
906 2285 1055 2370 partiam.
1101 2286 1287 2372 Singularis

145 2395 302 2479 praebent
323 2395 560 2460 Ottobonianus
593 2395 677 2461 2028
707 2405 740 2460 et
774 2397 871 2460 codex
894 2395 973 2461 0011.
997 2394 1090 2458 Rom.
1114 2397 1144 2460 4.
1170 2397 1205 2462 (l.
1229 2400 1286 2463 39:

146 2528 279 2589 quorum
308 2506 362 2569 ille
395 2528 468 2570 eum
490 2506 635 2570 ordinem
657 2507 811 2591 sequitur,
835 2528 929 2591 quem
951 2505 1037 2569 infra
1059 2508 1222 2589 posuimus
1245 2508 1286 2590 V,

146 2616 201 2680 hic
232 2639 303 2680 eum
336 2639 429 2700 quem
456 2616 513 2680 IV.
523 2618 554 2701 ²⁸)
600 2616 662 2681 Sed
684 2617 864 2701 antiquiore
886 2620 991 2680 aetate
1014 2637 1111 2680 unam
1132 2616 1287 2699 fabulam,

147 2726 338 2809 Bacchides,
377 2731 503 2792 constat
535 2727 666 2791 omnino
693 2728 886 2792 non-fuisse
923 2727 957 2790 in
990 2726 1200 2811 posteriorum
1231 2750 1288 2793 nu·

146 2859 249 2920 mero,
284 2859 392 2901 verum
426 2840 462 2901 ut
494 2841 564 2901 erat
597 2848 849 2902 consentancum
881 2859 972 2901 suam
1005 2838 1112 2901 sedem
1145 2860 1288 2903 servasse

145 2950 221 3033 post
255 2947 380 3011 fabulas
419 2948 460 3011 ab
495 2954 520 3011 Α
553 2948 661 3012 littera
694 2948 906 3034 incipientes:
946 2948 984 3012 dc
1017 2970 1079 3032 quo
1111 2949 1190 3013 satis
1223 2951 1287 3014 dic·
1307 2956 1336 3006 tx

145 3063 216 3122 tum
239 3057 403 3142 Parergon
425 3058 486 3122 vol.
512 3059 526 3121 Ι
549 3082 580 3142 p.
604 3059 664 3122 391
683 3080 730 3142 sq.
775 3059 915 3143 Eiusque
938 3057 1058 3122 ordinis
1074 3059 1288 3125 Ambrosiano

145 3169 358 3252 παλιμψήετῳ
394 3191 481 3233 nunc
517 3168 599 3232 alter
628 3170 720 3232 testis
750 3170 873 3234 accedit
900 3168 1048 3253 glossarii
1075 3169 1161 3233 illius
1190 3172 1288 3255 scrip-

144 3277 272 3359 torm),
310 3278 344 3341 in
377 3279 448 3343 aliis
477 3301 543 3343 non
571 3279 774 3344 mediocriter
800 3280 986 3362 discrepans
1014 3279 1055 3343 ab
1082 3279 1287 3345 Ambrosiani

216 3545 243 3611 *)
264 3542 390 3597 Priorum
413 3545 476 3596 octo
492 3541 651 3596 fabularum
674 3543 743 3597 ordo
760 3541 789 3596 in
807 3543 905 3597 neutro
925 3543 1019 3597 codice
1038 3543 1180 3614 discrepat
1197 3562 1215 3600 a
1231 3545 1288 3600 vul·

144 3636 222 3707 gari:
254 3637 438 3705 posteriorum
460 3636 553 3705 plures
576 3654 660 3703 quam
683 3654 753 3704 quas
770 3637 844 3690 infra
862 3636 1021 3705 scripsimus
1038 3639 1137 3692 neuter
1155 3639 1286 3692 continet.

143 3762 180 3770 —
199 3731 312 3784 Persam
331 3732 423 3783 autem
441 3746 514 3799 pone
531 3729 676 3799 Epidicum
694 3729 786 3783 tenuit
803 3729 887 3783 etiam
906 3730 975 3784 alius
993 3731 1093 3799 codex,
1112 3731 1187 3790 cuius
1206 3731 1288 3785 hodie

142 3824 204 3878 tria
222 3825 332 3877 tantum
350 3823 514 3877 schedarum
531 3823 612 3892 paria
633 3824 794 3892 supersunt,
825 3823 1018 3892 conglutinata
1040 3841 1074 3878 ca
1092 3842 1110 3878 a
1126 3824 1288 3893 bibliopcgo

142 3917 298 3971 involucris
326 3916 443 3969 duorum
470 3915 596 3970 codicum
619 3915 850 3971 Terentianorum
876 3916 1063 3970 bibliothecae
1087 3916 1289 3972 Ambrosianus

141 4010 310 4078 (11761111.
335 4009 546 4075 01100111.)
591 4011 712 4074 Quarum
740 4009 904 4064 schedarum
930 4026 986 4063 una
1013 4026 1074 4063 cum
1101 4010 1155 4063 fine
1181 4009 1290 4079 Epidici

140 4106 241 4175 ipsum
259 4103 368 4156 initium
388 4102 487 4157 Persae
510 4102 630 4157 exhibet.

215 4198 257 4264 **)
290 4189 437 4267 [Quartum
460 4213 533 4250 1111110
552 4197 640 4251 habes
662 4197 721 4251 cius
745 4197 936 4251 commentarii
953 4196 1130 4266 scriptorem,
1160 4212 1242 4264 quem
1261 4198 1289 4253 iu

136 4291 231 4349 Nonii
254 4290 341 4359 copiis
363 4288 513 4358 indagasse
535 4289 796 4344 Schottmuellerum
820 4290 990 4360 supradixi.
1028 4289 1083 4343 Vbi
1099 4290 1152 4343 hoc
1170 4306 1229 4345 sese
1247 4311 1289 4347 or·

136 4388 210 4444 dine
231 4382 367 4438 tredecim
387 4382 496 4436 fabulae
514 4381 671 4448 Plautinae,
695 4400 811 4450 quarum
830 4383 941 4451 quidem
965 4383 1005 4435 ibi
1023 4382 1127 4436 mentio
1146 4382 1189 4452 fit,
1213 4403 1289 4441 exce·
