2946 5010
349 298 396 344 oe
419 295 533 345 roam
556 287 701 343 ‘nuris’
725 293 827 344 vnms
850 294 979 343 seusu.
1169 279 1232 343 379

92 453 128 515 in
157 474 257 515 unum
289 450 491 535 Esquilinmn
526 471 674 535 eampum
710 448 895 514 ducentium
926 448 1133 513 manifestum
1170 449 1231 513 sibi

92 562 263 647 vestigium
286 562 371 626 visus
395 565 464 626 erat
485 562 521 626 in
542 561 772 647 Porphyrionis
794 559 834 624 ad
849 559 977 623 Horatii
1000 558 1102 644 Epod.
1127 560 1231 624 verbis

88 673 261 758 indagare:
284 680 315 738 ln
339 681 463 753 reqionc
485 681 615 753 aqqcrls,
640 683 775 752 quaeest
790 683 880 736 extra
897 682 1018 751 portas
1033 674 1228 750 Esquilinas,

88 791 178 848 solitu
197 789 295 862 fuisse
313 806 486 865 pauperum
514 806 648 864 corpora
678 791 725 849 uel
752 789 889 848 comburi
910 790 956 846 uel
975 788 1082 862 proici.
1128 780 1230 856 Quam
1250 792 1275 840 vt

89 898 199 959 tamen
222 895 414 978 scripturam
435 896 520 959 unde
541 895 671 978 petierit
686 894 804 977 nescio,
829 916 900 958 cum
915 893 950 956 in
966 915 1013 974 ea,
1037 914 1118 976 quae
1138 893 1230 956 nobis

88 1006 123 1070 in
151 1010 302 1091 promptu
325 1009 389 1089 est,
424 1005 616 1070 scholiorum
643 1006 782 1070 editione
804 1005 939 1087 rectius,
974 1006 1011 1066 ut
1037 1003 1072 1066 in
1101 1002 1230 1086 reliquis

88 1116 202 1181 horum
224 1116 469 1181 scholiastarum
491 1117 568 1181 locis
587 1117 745 1199 omnibus
769 1115 926 1200 singulari
947 1135 1081 1177 numero
1103 1114 1231 1197 legatur

81 1240 208 1307 portam
236 1232 436 1308 Esquilinam.
483 1226 601 1314 [portas
628 1234 801 1309 Esquilinas
832 1225 921 1289 video
950 1228 1059 1289 tamen
1081 1247 1167 1288 nunc
1190 1224 1231 1286 ab

87 1337 265 1401 Hauthalio
293 1338 413 1402 editum
436 1361 453 1403 e
476 1338 661 1423 codicibus]
708 1337 828 1403 Contra
861 1338 942 1401 miro
976 1335 1069 1400 modo
1102 1356 1230 1398 securus

88 1448 173 1511 idem
201 1447 256 1512 ille
283 1447 382 1513 Pialis
404 1450 443 1514 de
470 1450 660 1535 gravissimo
683 1449 820 1533 quodam
843 1451 1032 1532 argumento
1054 1445 1133 1528 fuit,
1168 1467 1231 1528 quo

89 1559 241 1623 adversus
270 1581 338 1642 eoa,
367 1561 423 1645 qui
455 1583 521 1625 non
549 1561 676 1625 differre
699 1559 740 1623 ab
762 1558 930 1643 Esquilina
952 1557 1137 1621 Plautinum
1159 1578 1230 1639 por·
1318 1568 1322 1573 ’

87 1672 154 1732 tam
177 1670 450 1754 existimaverant,
473 1672 538 1736 iam
552 1670 714 1736 Nardinus
736 1694 812 1735 usus
835 1673 914 1751 erat,
940 1668 1101 1758 commode
1124 1670 1231 1730 autern

87 1779 134 1843 uti
162 1779 311 1864 Nibbyus
338 1782 453 1864 potuit.
500 1781 561 1857 Qui
589 1804 661 1846 cum
688 1782 782 1846 unius
810 1780 998 1864 Esquilinas
1026 1781 1137 1863 portae
1159 1798 1230 1861 pro-

86 1889 156 1973 pris
185 1890 284 1955 fuisse
313 1891 459 1975 sepulcra
488 1896 638 1978 negaret,
668 1893 811 1977 negabat
833 1893 916 1976 quod
939 1913 999 1955 nec
1022 1889 1232 1954 contenderat

86 2000 255 2084 quisquam
287 2023 347 2065 nec
374 2003 480 2087 potuit
509 2004 700 2068 contendere
728 2003 763 2067 in
789 2008 883 2068 tanta
907 2003 1124 2087 exemplorum
1152 1999 1230 2062 mul-

90 2111 243 2175 titudine:
283 2114 485 2197 pauperculis
513 2115 600 2178 enim
628 2114 818 2198 sepeliendis
847 2119 879 2178 et
907 2115 1017 2178 infimo
1046 2111 1116 2176 loco
1144 2111 1230 2173 uatis

87 2220 285 2286 destinatum
308 2244 456 2308 campum
478 2223 682 2308 Esquilinum
704 2226 862 2289 edixerant.
905 2224 949 2287 Et
971 2234 1080 2288 tamen
1102 2248 1139 2289 aa
1161 2221 1231 2306 ipsa

87 2354 183 2417 quam
205 2333 419 2420 impugnabat
448 2336 609 2399 sententia
637 2337 714 2400 adeo
737 2336 804 2399 eius
826 2335 927 2399 menti
949 2332 1124 2399 inhaesisse
1147 2336 1230 2400 vide-

86 2445 155 2526 tur,
190 2447 226 2507 ut
253 2445 338 2509 hanc
365 2445 567 2528 potissimum
594 2446 635 2510 ob
664 2468 808 2510 caussam
836 2447 946 2530 (quam
973 2445 1059 2508 enim
1080 2444 1231 2511 habuerit

87 2553 221 2639 aliam‘l)
255 2578 320 2619 non
350 2556 496 2639 auderet,
530 2579 627 2643 quam
657 2557 698 2620 ab
721 2556 890 2641 Esquilina
916 2557 988 2639 ipsa
1016 2556 1229 2640 discernebat

86 2663 220 2728 eandem
243 2670 370 2749 portam
391 2665 525 2731 Metiam
547 2668 645 2731 etiam
661 2690 680 2732 a
696 2667 815 2731 vicinia
837 2666 1025 2751 Esquilinae
1047 2690 1228 2753 segregare.

86 2773 177 2838 Nihil
204 2780 314 2840 tamen
341 2776 455 2841 horum
483 2777 625 2841 omnium
653 2779 836 2842 doctissimo
864 2777 1051 2843 Furlanetto
1079 2779 1228 2863 suboluit‚

85 2887 140 2968 qui
170 2885 395 2951 additamentis
426 2888 467 2952 ad
494 2887 664 2953 Forcellini
692 2887 831 2952 Lexicon
859 2895 985 2954 Meliam
1013 2888 1095 2978 duit
1116 2895 1231 2954 Romae

80 3009 207 3075 portam
229 3004 307 3062 inter
330 3003 517 3077 Esquzlinatn
539 3013 568 3064 ct
591 3003 863 3080 Querquetulanum
887 3000 998 3083 sitam,
1028 3000 1123 3083 idque
1152 3000 1229 3065 Nib-

31 3108 46 3118 “
87 3104 184 3188 byum
200 3106 453 3172 demonstrasse:
477 3112 513 3173 ut
527 3110 592 3174 iam
613 3110 787 3175 verendum
810 3110 852 3175 sit
873 3134 914 3175 ne
935 3110 1033 3175 latius
1056 3133 1144 3175 error
1166 3134 1229 3175 ser·
1287 3117 1289 3123 '

86 3218 154 3299 pat.
187 3216 307 3283 Contra
328 3217 450 3285 Pialem
474 3223 581 3284 autem
603 3222 687 3306 quod
710 3223 846 3286 diximus
862 3221 1036 3309 Nardini*)
1060 3245 1228 3307 argumen-

86 3329 156 3389 tum
178 3327 299 3412 valere‚
329 3330 361 3393 id
384 3330 424 3393 ud
447 3329 658 3396 Cleostratam
680 3332 864 3396 Plautinum
887 3336 1028 3418 spectat,
1064 3335 1152 3399 cuius
1175 3333 1229 3398 ille
1330 3314 1332 3316 l

86 3437 219 3519 negavit
241 3460 312 3503 cam
335 3441 555 3508 condicionem
575 3444 685 3526 fuisse,
710 3447 746 3506 ut
766 3465 837 3507 cum
859 3444 1053 3528 pauperibus
1076 3447 1108 3507 et
1130 3445 1229 3508 servis

89 3635 291 3648 -.-.-.-........

154 3759 181 3826 ⁴)
199 3760 241 3816 Lu
259 3761 363 3831 Melia,
382 3763 435 3830 ait,
454 3767 485 3823 di
501 3770 550 3825 eui
566 3768 643 3826 disse
661 3768 764 3825 Plauto
783 3769 858 3825 nella
876 3768 998 3825 Casina:
1027 3768 1112 3825 Illum
1131 3769 1231 3835 edepol

86 3870 109 3907 e.
130 3870 156 3920 q.
178 3872 209 3920 s..
235 3858 272 3912 dn
294 3859 346 3914 clue
368 3867 533 3939 nrqomenta
556 3862 578 3917 ll
598 3862 739 3919 Panolnio
762 3878 843 3919 asser
866 3869 941 3919 stata
959 3863 987 3917 la
1006 3863 1157 3918 mcdcslmu
1175 3878 1228 3917 corr
1289 3899 1293 3916 t

85 3948 276 4016 l'Esqur'linas
310 3971 355 4007 ma
379 3952 537 4011 Cleostrata
560 3973 617 4012 non
639 3973 692 4011 era
708 3972 828 4023 novera,
860 3956 954 4023 ders
972 3973 1039 4012 cosa
1058 3961 1142 4012 asota
1160 3956 1228 4011 lab-

86 4043 223 4108 bruqr'are
241 4046 253 4098 i
269 4047 406 4102 cadaveri
424 4051 477 4115 piu
497 4049 581 4117 serari
602 4050 665 4105 dell’
689 4050 762 4105 altre
784 4055 881 4116 porte,
904 4049 955 4104 else
978 4049 1042 4104 dell'
1067 4050 1228 4117 Esquilina,

86 4135 156 4191 doec
176 4135 236 4191 solo
253 4142 414 4203 qettauansi
431 4140 503 4196 nelle
520 4142 660 4199 Putieulc.
688 4143 729 4195 Ac
746 4141 781 4195 de
798 4139 929 4209 puticulis
947 4138 1059 4207 quidem
1077 4139 1147 4195 mire
1166 4159 1230 4195 eum

85 4224 188 4280 fefellit
205 4226 312 4296 opinio:
336 4231 411 4297 quod
428 4249 484 4288 non
503 4235 547 4288 est
563 4234 643 4289 huius
660 4233 715 4289 loci
732 4231 847 4288 ulterius
865 4231 1002 4301 persequi.
1038 4232 1117 4298 Quod
1135 4236 1229 4290 autem

85 4319 121 4376 de
141 4320 299 4376 cremandis
318 4323 500 4382 cadaveribus
519 4327 595 4396 dioit,
615 4328 649 4382 de
668 4344 701 4383 eo
719 4343 832 4398 prorsus
849 4344 906 4383 uon
924 4328 1040 4382 constat.
