2986 5004
223 341 283 405 164
487 344 579 404 fieren
607 357 669 404 nm
692 358 815 404 smum
839 357 905 406 Dsss
928 357 1094 406 susumus.

221 517 340 591 Cuppes
362 533 488 576 auurus.
511 518 630 591 eliquns
656 517 842 591 despoliatur
868 516 1127 577 latebrieatarum
1150 502 1275 575 hominu
1296 528 1364 570 eor-

220 634 338 702 ruptor.
374 629 506 687 blandus
538 629 634 703 inops.
665 621 764 686 eelute‘t
794 629 970 701 induyutar.
1054 620 1139 709 [259]
1177 610 1364 698 Quamquam

221 740 299 799 illud
320 748 362 799 est
384 739 482 798 dulce.
506 755 570 797 esse
590 739 617 809 d
638 738 747 797 bibere.
777 754 863 798 amur
891 755 1001 797 umura
1030 738 1085 831 dut
1114 738 1169 797 tihi
1188 738 1263 795 sutis
1284 734 1367 808 quod

220 892 293 950 eure
313 877 360 935 sit.
429 868 514 957 [264]
545 875 631 934 Mille
652 877 747 934 modis
769 892 856 934 arnor
877 831 1047 949 inaurandv
1057 880 1108 934 est.
1136 874 1250 932 Praeid
1277 871 1365 929 audiri-

220 968 334 1046 bendus
355 993 408 1046 est.
425 993 515 1060 atque
536 987 726 1061 apttnendus.
758 986 836 1045 Nam
859 988 962 1060 quiin
985 1002 1117 1045 amarem
1134 983 1365 1061 praecipitauit.

218 1100 305 1172 peius
324 1100 405 1172 perit
426 1113 517 1186 quam
544 1099 573 1156 si
591 1114 672 1158 sexo
693 1099 793 1156 satiat.
839 1101 943 1172 Apaee
970 1099 1011 1156 sis
1032 1113 1127 1156 amor.
1152 1104 1220 1155 tuas
1242 1110 1291 1152 res
1313 1093 1370 1151 tibi

472 1190 479 1216 Ι

221 1235 307 1293 habe.
345 1234 440 1294 Amor
461 1251 490 1291 m
513 1236 628 1293 amiens
649 1250 688 1293 ne
710 1234 788 1306 suas
815 1251 957 1308 unquam.
997 1232 1075 1293 Sunt
1096 1231 1221 1308 tiques
1241 1232 1369 1289 miseros

191 1339 320 1428 ‘maleq‘
349 1346 470 1404 habeas.
511 1344 589 1415 (tuos
614 1345 672 1404 tibi
698 1346 844 1404 obnoxios
861 1343 974 1416 fecisti.
1043 1337 1128 1426 [281]
1154 1343 1228 1402 Nulo
1249 1357 1307 1415 equ
1328 1334 1369 1399 cd

222 1456 335 1531 imptis
357 1464 386 1516 te
407 1457 483 1515 uiris
503 1462 597 1529 nnete
618 1458 668 1514 mi.
685 1455 764 1530 Neq;
793 1459 824 1513 in
848 1458 899 1515 uia
922 1473 991 1530 neq;
1020 1457 1051 1514 in
1071 1455 1146 1527 fora
1168 1451 1233 1513 ullu
1254 1467 1368 1511 serma-

223 1584 288 1627 uem
311 1568 444 1640 exsequi.
489 1567 572 1626 Noui
591 1583 647 1643 eqo
668 1567 725 1625 true
747 1570 827 1626 seim
849 1567 957 1636 marim
985 1566 1069 1640 qudi,-
1089 1567 1137 1625 sit.
1163 1565 1266 1623 Mutus
1288 1560 1372 1621 bonit

222 1676 306 1738 malti
340 1694 403 1737 esse
429 1679 503 1737 uult.
530 1683 563 1736 ut
583 1679 623 1736 sit
643 1679 692 1736 sui
711 1679 825 1768 similis.
916 1670 1002 1760 [287]
1034 1677 1100 1761 ΙΙςσ
1132 1677 1195 1736 dies
1228 1681 1369 1747 noctesq;

222 1822 315 1875 eunte
336 1809 418 1892 (dies
440 1808 536 1872 Wort
557 1809 591 1872 in
614 1771 762 1894 Rasur)t¹
781 1821 814 1873 ut
835 1829 958 1872 eaueus.
991 1813 1078 1884 Quod
1097 1830 1190 1874 manu
1213 1830 1274 1872 non
1297 1828 1370 1887 que-

223 1933 277 1985 unt
299 1935 435 1998 tenuere.
458 1922 545 1985 tantu
564 1922 619 1995 sus
640 1921 695 1984 nit
717 1941 775 1998 quo
796 1941 903 1984 munus
924 1926 1084 1998 aptineunt
1106 1918 1162 2003 (ap
1184 1920 1219 1982 in
1235 1917 1370 2002 Rasur).

289 2029 374 2117 [310]
403 2034 447 2095 Tu
467 2038 495 2094 si
516 2033 621 2095 animi
644 2036 746 2094 uicisti
760 2037 853 2111 paei'
876 2052 966 2110 quarn
990 2037 1107 2095 unimus
1129 2043 1167 2095 te.
1190 2033 1207 2093 i
1230 2037 1276 2114 qd
1290 2048 1370 2106 auet-

225 2148 306 2205 deas.
352 2145 451 2205 Nimia
479 2147 575 2206 satius
601 2148 648 2204 tui
674 2163 748 2220 opus
772 2154 799 2205 st
826 2155 855 2206 te
881 2149 925 2205 ita
947 2163 1010 2205 esse
1032 2163 1122 2220 quum
1145 2153 1177 2205 nt
1199 2146 1302 2203 animo
1325 2147 1371 2202 iu-

224 2267 302 2325 bere.
343 2265 401 2336 Oui
422 2265 525 2327 unitati
546 2237 631 2325 00ιεῖ
650 2282 741 2340 quarn
770 2283 844 2340 quos
866 2267 984 2326 animus
1011 2282 1092 2341 sernp
1113 2265 1237 2339 ,putores
1267 2266 1371 2323 eleten-
1426 2249 1431 2259 ’

224 2381 270 2436 tis.
350 2369 436 2458 [320]
466 2376 637 2450 Benefucta
665 2376 837 2448 benefactis
861 2378 930 2436 aliis
955 2379 1069 2452 pteqita
1096 2393 1135 2435 ne
1159 2378 1302 2450 ppiuant.

226 2481 311 2570 [322]
345 2488 402 2558 (iai
421 2490 503 2564 ipsus
524 2492 564 2548 se'
577 2490 769 2563 contempnit.
793 2468 811 2547 ἶ
832 2495 895 2547 eost
917 2489 1032 2546 indoles
1053 2488 1210 2570 industrie.
1280 2477 1370 2567 [339]

225 2599 271 2656 Ite
291 2600 428 2658 mendico
449 2601 528 2658 maie
554 2606 687 2658 meretur
707 2601 760 2674 qui
785 2600 814 2658 ei
834 2600 889 2658 dut
911 2600 994 2673 quod
1014 2599 1076 2657 edit
1098 2606 1151 2657 eut
1172 2596 1256 2672 qued
1276 2596 1370 2654 bibat.

226 2708 277 2768 Nia
297 2716 327 2767 et
348 2710 427 2768 illud
447 2712 529 2784 quod
550 2712 604 2770 dut
632 2710 698 2783 pdit
721 2718 755 2789 et
782 2711 830 2770 illi
851 2711 959 2785 pdueet
986 2710 1080 2769 uitam
1102 2710 1146 2767 ad
1166 2704 1303 2767 miseriei.

228 2814 314 2902 [343]
350 2822 389 2879 Vt
416 2821 460 2877 itu
488 2827 516 2878 te
543 2818 644 2882 aliern
674 2823 796 2881 miseres
823 2837 900 2880 eane
929 2817 1020 2900 (cane
1042 2815 1077 2878 in
1100 2814 1218 2895 Rasur]
1242 2820 1288 2877 tui
1310 2820 1371 2877 ali'

225 2933 375 2988 misereat.
412 2929 559 2989 Deserere
580 2933 663 2990 iilum
687 2932 715 3004 0
737 2932 885 2992 deiuvare
912 2934 943 2990 in
966 2931 1054 2991 rebus
1082 2931 1224 2991 aduersis
1242 2931 1371 3004 pudeat.

124 3127 126 3131 ,
227 3042 283 3099 Pal
302 3041 420 3115 pudere
442 3057 531 3113 quum
557 3044 664 3116 uiuere
689 3038 784 3115 esrai
800 3043 921 3102 tetidem
949 3043 1053 3101 literis.
1123 3034 1208 3123 [347]
1240 3040 1325 3099 Bene
1346 3041 1375 3097 si

226 3153 324 3209 amieo
342 3148 467 3222 seceris.
507 3152 552 3210 Ne
571 3154 679 3226 uiuent
697 3152 818 3225 secisse.
842 3160 875 3213 ut
893 3154 1001 3228 pocius
1018 3153 1136 3228 pendeat
1156 3154 1184 3211 si
1203 3169 1263 3210 nan
1283 3151 1371 3224 feee-

226 3264 278 3321 ris.
347 3253 435 3342 [388]
474 3262 605 3322 Grauius
636 3266 695 3325 erit
723 3268 781 3325 tuu‘
807 3262 872 3325 unii
904 3262 999 3324 uerbi
1029 3265 1372 3337 adeamrem.quan1

226 3379 344 3432 eentum
367 3389 442 3432 mea.
512 3366 596 3457 [446]
629 3376 723 3435 Bonis
751 3378 810 3436 tuis
835 3377 926 3479 ΛνΛεῠιιε
947 3392 1030 3434 meus
1052 3392 1100 3434 res
1122 3375 1238 3433 inrides
1258 3375 1372 3433 nialus.

293 3476 378 3565 [478]
415 3485 628 3545 Verecunduri
653 3480 771 3546 nemine
799 3492 853 3562 apt
880 3503 1011 3546 mensum
1035 3486 1128 3545 decet.
1167 3484 1246 3544 Nam
1270 3485 1314 3544 ihi
1333 3487 1374 3544 de

227 3597 339 3656 diuinis
361 3603 430 3668 utq;
464 3597 604 3656 humanis
631 3600 774 3661 cernitur.
850 3590 939 3689 [490]
971 3598 1029 3656 Itei
1054 3598 1163 3656 diuites
1189 3602 1269 3655 sunt.
1300 3597 1375 3656 deos

227 3735 314 3793 decet
335 3733 497 3818 opulentie.
565 3726 651 3816 [518]
676 3734 820 3793 Arsiana
842 3742 853 3793 t
877 3751 933 3807 eqo
961 3734 1017 3792 noc
1046 3733 1123 3794 dieo
1147 3750 1185 3791 ne
1207 3734 1258 3791 ille
1280 3751 1321 3792 ere
1343 3742 1375 3792 te

226 3848 314 3904 sciat.
354 3843 437 3902 Neue
470 3844 716 3918 aliusquisquunr
795 3838 880 3927 [620]
916 3842 1017 3904 Nimia
1052 3843 1165 3916 difficit
1165 3850 1208 3901 est
1238 3846 1377 3919 reperiri

228 3952 364 4015 inimieu
392 3956 449 4013 ita
466 3961 499 4014 ut
527 3971 596 4014 nam
618 3956 708 4014 et.uet
749 3955 826 4025 Quoi
851 3963 933 4014 tuum
955 3972 1022 4015 enm
1045 3970 1107 4013 rem
1130 3955 1278 4013 crederis
1307 3959 1376 4015 siue

229 4068 310 4125 amni
339 4082 417 4124 eura
446 4066 590 4125 dormias
685 4061 775 4144 [632]
811 4064 889 4135 Quid
917 4065 1043 4138 faceres
1075 4067 1102 4124 si
1128 4066 1194 4154 quis
1222 4065 1377 4126 docuisset

228 4208 266 4258 te
289 4207 322 4259 ut
349 4203 393 4259 sie
415 4201 485 4261 odio
506 4219 583 4261 esses
610 4219 648 4260 m.
680 4202 738 4270 (tui
764 4200 801 4260 un
829 4199 869 4261 eei
891 4204 1016 4261 simulas
1033 4202 1145 4273 faeere
1171 4218 1199 4260 m
1223 4209 1262 4261 te.
1293 4205 1376 4262 mule

225 4317 309 4387 sucis
331 4320 409 4376 nrale
430 4322 569 4379 consulis.
638 4311 726 4399 [638]
755 4321 876 4381 Nuiturn
905 4320 1043 4393 inficiunt
1070 4339 1103 4379 ee
1125 4322 1204 4380 duco
1225 4323 1268 4381 id
1291 4324 1378 4397 quud
