2992 5010
157 372 166 386 -·
221 334 285 397 100
488 338 581 396 iissnn
608 350 669 396 DIE
691 349 815 396 KltlTIK
838 348 904 396 Dus
929 347 1096 394 PLAUTUS.

220 502 307 565 scine
330 500 586 585 flauminum),
610 524 676 565 was
698 502 766 584 wir,
791 523 827 564 so
849 502 927 582 lang
949 521 982 563 es
1004 500 1062 582 ist,
1087 498 1158 562 bier
1180 498 1273 563 nicht
1295 521 1366 563 vor-

220 611 389 676 enthalten
411 612 537 694 diirfen‚
561 613 628 675 und
643 610 787 696 sogleich
802 611 836 674 in
851 611 1108 694 Anmerlrungen
1123 610 1190 673 und
1206 608 1364 699 Zusiitzen

219 742 277 785 aus
300 721 554 805 anderweitigen
570 721 768 806 Zeugnissen
791 725 954 805 ergiinzen
975 719 1102 801 wellen,
1126 742 1158 802 p.
1176 719 1232 783 16:
1256 720 1365 784 ‘Anni

218 831 283 894 iam
312 834 389 895 sunt
411 831 484 895 XX'
515 831 597 915 (also
620 831 682 896 seit
711 832 806 916 1525)
844 840 936 894 ‘cum
964 833 1079 894 nactus
1108 829 1156 893 fui
1185 829 1365 913 exemplum

219 940 405 1005 Plautinum
428 942 592 1026 scriptum,
617 944 810 1023 sanciatus,
834 941 971 1004 sednon
994 944 1160 1004 exaratum
1182 944 1292 1003 tamen
1314 940 1365 1004 rel

219 1050 343 1115 erudito
371 1053 498 1116 saeculo
526 1052 576 1114 vel
604 1052 644 1115 ab
672 1050 801 1114 homine
830 1050 933 1114 doctu.
984 1050 1023 1114 Id
1050 1053 1213 1134 repertum
1239 1049 1303 1113 fuit
1329 1051 1364 1113 in

219 1160 325 1243 patria
348 1183 419 1225 mea
441 1163 527 1226 inter
542 1162 639 1225 libros
657 1161 825 1226 clarissimi
842 1165 874 1223 et
888 1161 1008 1224 virtute
1030 1183 1067 1224 ac
1090 1160 1252 1244 sapientia
1273 1181 1363 1242 prae-

218 1271 336 1335 stantis
363 1271 424 1335 viri
452 1271 521 1335 Viti
550 1270 675 1335 Verleri
703 1270 837 1352 Franci,
866 1269 951 1333 unde
978 1273 1138 1334 exemtum
1166 1271 1364 1353 propinquus

218 1380 328 1464 ipsius,
342 1381 513 1445 ¹amicitiae
541 1381 689 1445 sanctiss.
720 1379 848 1444 vinculo
878 1383 911 1444 et
939 1402 1023 1442 max.
1053 1379 1283 1443 familiaritatis
1306 1402 1364 1443 usu

217 1491 297 1554 mihi
328 1491 518 1555 coniunctus
548 1490 702 1555 Micaelus
725 1490 903 1574 RotinguS,
936 1491 985 1552 vir
1006 1494 1072 1573 opt.
1103 1494 1199 1574 atque
1221 1490 1364 1553 doctissi-

216 1622 299 1682 mus,
323 1601 377 1684 qui
400 1604 470 1664 tum
491 1600 575 1664 forte
599 1601 765 1664 nobiscum
788 1603 886 1683 esset,
918 1599 997 1664 mihi
1020 1599 1175 1663 utendum
1198 1599 1301 1682 dedit,
1332 1604 1364 1662 et

217 1709 286 1792 ipse
309 1710 456 1774 domiuus
477 1710 552 1773 libri
575 1713 738 1793 posteaut
760 1713 867 1775 uterer
890 1710 1031 1794 benigne
1054 1710 1210 1792 permisit.
1220 1709 1260 1792 ὁ3)
1292 1708 1363 1794 Ego

286 1946 310 2011 *)
332 1946 375 2015 [ln
393 1945 502 2000 Betreii'
516 1945 607 2000 dieser
619 1946 793 2000 Halfsmittel
806 1946 832 1999 d.
846 1947 873 1999 h.
888 1946 938 2000 der
955 1945 1082 2000 beiden
1100 1945 1240 1998 Pfi'alzer
1256 1945 1362 1998 Hand-

217 2038 386 2092 schriften
406 2040 522 2106 (codex
541 2041 671 2093 ‘vetus’
690 2040 746 2093 und
766 2040 872 2093 codex
891 2039 1132 2100 ‘decurtatus',
1157 2054 1211 2091 von
1229 2037 1361 2091 walchem

217 2130 334 2185 letztern
344 2131 429 2184 achon
443 2131 482 2184 im
492 2134 584 2185 ersten
594 2132 742 2186 Abschnitt
754 2131 919 2186 wiederholt
928 2132 1103 2201 gesprachen
1116 2131 1240 2197 worden)
1255 2133 1363 2199 geniigt

218 2240 247 2276 es
260 2223 333 2291 jetzt
351 2224 395 2278 ein
412 2226 458 2278 fiir
476 2225 587 2279 allemal
605 2227 656 2278 auf
670 2225 715 2277 die
736 2224 1043 2294 zusammcnh‘angende
1065 2224 1245 2292 Darstellnug
1262 2224 1290 2276 in
1308 2223 1362 2276 den

217 2317 420 2386 Prolegomena
437 2336 464 2387 p.
477 2317 580 2370 XXVII
592 2319 620 2371 ff.
639 2337 672 2371 zu
689 2318 848 2384 verweisen‚
867 2317 999 2371 wodurch
1015 2318 1066 2370 wir
1078 2318 1128 2371 der
1145 2317 1266 2384 lastigen
1276 2316 1362 2368 Msihe

217 2409 380 2464 fiberhoben
398 2410 467 2476 sind,
486 2410 531 2464 die
544 2410 582 2463 im
594 2411 744 2479 folgenden
756 2428 805 2464 aus
819 2411 883 2464 sehr
894 2412 1066 2464 zerstreuten
1078 2409 1195 2464 Notizen
1214 2409 1360 2477 gemacbte

217 2502 505 2571 Zusammenstellung
531 2503 569 2556 im
594 2503 735 2558 einzelnen
759 2522 793 2557 zu
820 2502 995 2572 berichtigen
1023 2502 1090 2556 oder
1119 2520 1151 2555 zu
1178 2502 1359 2556 vervollstan-

218 2594 324 2664 digen]

285 2692 327 2754 53)
345 2688 424 2742 Noch
442 2706 582 2757 genauere
600 2690 737 2743 Auskunft
762 2690 824 2758 gibt
842 2690 946 2743 Parcus
963 2688 992 2741 in
1011 2688 1060 2741 der
1077 2688 1202 2741 Vorrede
1220 2706 1253 2740 zu
1270 2687 1360 2742 seiner

217 2779 343 2844 aweiten,
374 2781 430 2834 und
452 2781 503 2834 mit
525 2782 636 2850 einigen
658 2781 898 2850 Vertuderungen
921 2781 980 2834 also
1009 2799 1059 2833 aur
1087 2780 1192 2833 dritten
1213 2780 1358 2848 Ausgabc:

217 2872 309 2926 ‘luter
325 2904 358 2911 —
377 2873 485 2927 codices
503 2875 626 2944 palmam
639 2876 748 2943 obtinet
759 2875 790 2940 is,
809 2891 864 2942 quo
881 2874 909 2925 in
924 2874 1036 2943 Europa
1047 2872 1235 2940 antiquiorem
1252 2872 1360 2927 nullum

217 2967 325 3018 exstare
345 2967 519 3021 consentiens
542 2985 651 3038 semper
674 2968 818 3021 doctorum
842 2967 896 3019 fuit
918 2965 1024 3034 opinio,
1050 2982 1187 3031 quemque
1211 2965 1285 3017 omni
1309 2984 1360 3020 suo
1463 2960 1467 2967 ’

217 3057 316 3110 merito
338 3057 405 3126 ipsis
429 3060 576 3114 Pandcetis
598 3058 763 3114 Florentinis
786 3059 1005 3127 aequipararent
1031 3058 1083 3111 riri
1110 3057 1269 3110 doctissimi.
1306 3057 1360 3112 De-

217 3150 336 3219 scriptus
353 3149 400 3204 ille
413 3150 465 3204 fuit
477 3152 505 3207 in
523 3154 611 3208 veteri
628 3154 799 3217 membrana,
816 3151 927 3220 integer
938 3150 1058 3218 quidem,
1077 3151 1139 3216 sed,
1159 3152 1189 3203 ut
1201 3152 1360 3220 apparebat

217 3259 232 3295 e
246 3242 390 3310 vestibulo,
409 3247 471 3297 octo
490 3246 626 3302 duntaxat
643 3247 779 3317 primores
791 3245 900 3317 fabulas
912 3244 991 3298 initio
1003 3243 1109 3310 habuit,
1129 3244 1218 3298 donec
1230 3262 1247 3299 a
1259 3244 1358 3311 scriba,

216 3335 346 3404 imperito
369 3335 416 3389 illo
438 3337 504 3391 licet
526 3340 610 3405 atque
632 3340 745 3394 indocto
772 3337 904 3408 rupieone
927 3336 1084 3403 clostrario‚
1112 3337 1184 3391 aliae
1211 3338 1359 3392 duodecim

149 3449 153 3458 ·
216 3427 315 3494 Plauti,
334 3446 389 3483 una
399 3446 469 3503 ,curn
487 3429 703 3499 hypobolimaea
721 3432 872 3497 Aulularia,
891 3431 948 3485 sive
967 3431 1087 3495 Querolo
1101 3429 1199 3485 Gildae
1218 3430 1357 3500 Sapientis

216 3520 354 3587 Britanni,
383 3537 480 3590 prorso
504 3525 533 3575 et
555 3523 634 3576 clodo
657 3526 729 3592 pede
752 3525 868 3595 scripta,
898 3542 931 3579 ac
952 3524 1088 3578 Plautinis
1112 3523 1267 3578 Comoediis
1288 3525 1357 3578 inibi

216 3614 382 3682 praemissa,
413 3614 542 3685 deinceps
566 3616 692 3670 adiectae
714 3619 834 3672 fuerunt.
870 3618 1007 3687 Expertus
1029 3633 1139 3683 quoqne
1163 3618 1224 3669 erat
1245 3617 1357 3671 liberis

216 3724 329 3761 manum
346 3709 499 3762 recensoris
516 3724 572 3761 non
591 3709 702 3762 omniuo
720 3709 864 3764 ineruditi:
887 3710 962 3765 cuius
980 3709 1097 3779 proinde
1115 3709 1356 3764 emendationibus

216 3817 416 3871 saepenumero
434 3801 585 3855 admodum
603 3801 691 3855 adiuti
708 3802 810 3856 fuimns
827 3803 856 3857 in
873 3803 1069 3871 investiganda
1089 3819 1157 3857 vera
1179 3820 1213 3857 ac
1235 3803 1356 3871 genuina

216 3893 343 3949 lectione.
379 3895 423 3948 Ad
442 3895 546 3950 calcem
568 3895 633 3949 libri
651 3896 801 3950 observare
820 3899 893 3963 erat,
916 3895 1035 3950 eundem
1056 3913 1128 3950 anno
1149 3902 1212 3950 1512
1231 3896 1266 3949 ab
1285 3895 1354 3950 Doc-

215 3989 276 4043 tore
307 3988 428 4042 Martino
458 3989 581 4043 Polichio
610 3989 797 4043 Mellerstadio
830 3988 1057 4059 [Mellerstatensi
1085 3989 1193 4042 Franco
1219 3992 1263 4045 cd.
1292 3989 1353 4058 11],

215 4080 305 4149 primo
328 4082 496 4136 Academiae
518 4082 772 4152 Wittenbergensis
793 4083 925 4150 Rectore,
958 4086 986 4137 et
1008 4082 1086 4136 Pauli
1107 4081 1212 4136 Melissi
1235 4080 1353 4141 Schedii,

216 4171 381 4229 Germaniae
398 4178 510 4229 nostrae
528 4175 646 4241 Phoebi,
665 4176 805 4244 qnondam
822 4176 964 4245 populari,
983 4176 1055 4230 dono
1074 4176 1170 4229 datum
1188 4175 1269 4229 lirissc
1287 4174 1353 4228 Vito

215 4263 338 4333 Verlero,
356 4268 492 4322 bonarum
509 4268 667 4322 litterarum
684 4268 714 4322 in
731 4268 882 4322 Academia
898 4269 1034 4338 lipsiensi
1051 4268 1209 4338 professori.
1235 4268 1257 4321 E
1276 4267 1352 4321 cuius

214 4354 407 4412 loculamentis
429 4359 550 4414 librariis
577 4360 773 4430 depromptum
795 4361 869 4414 hunc
898 4361 1021 4416 codicem
1050 4361 1182 4415 Micaalus
1204 4360 1352 4430 Retingius
