2946 5010
438 312 655 374 vuarnoovm
677 312 864 361 Pulvmua.
990 306 993 312 ·
1163 298 1225 363 427

166 470 216 534 'Et
232 473 439 533 currendumst
455 475 484 531 tt
500 473 697 550 pugnandum
719 474 750 532 ct
771 473 965 549 iurigandum
987 474 1088 531 autom
1109 475 1142 531 in
1153 493 1154 496 ¹
1167 474 1226 532 via.

81 623 151 687 Neo
174 623 260 687 enim
282 622 414 686 dubium
441 642 511 685 esse
538 623 645 704 potest
672 620 749 705 quin
776 619 914 704 pristina
942 626 1081 698 iuripare
1109 619 1224 704 forma,

81 734 166 798 unde
190 733 410 798 contractione
433 733 560 796 demum
582 726 708 811 turpare
729 733 843 795 natum
864 733 900 794 ut
916 751 1060 812 purpure
1082 753 1120 795 ex
1139 739 1225 812 pari·

80 867 174 929 aare,
204 844 332 908 illorum
360 844 513 907 societate
540 841 635 906 latius
667 845 814 926 patente.
831 840 1162 926 comprehendendum
1184 844 1227 907 sit

82 978 165 1040 quae
188 957 264 1019 sunt
285 960 443 1032 coartare
468 959 639 1033 qnoriqare
657 958 814 1033 sommare
831 956 989 1031 fustiane
1010 959 1146 1032 levioarc
1168 960 1226 1018 liti·

80 1088 159 1146 μακε
179 1073 321 1145 mitiqorc
335 1071 484 1144 noviqoro
498 1071 651 1144 romiqare
666 1070 836 1142 inumipore
857 1071 1030 1146 varicqora
1054 1064 1227 1128 maximam
1257 1042 1268 1051 ⁸

82 1180 210 1263 partem
232 1198 251 1239 a
274 1174 312 1240 G.
337 1174 362 1240 I.
386 1174 501 1239 Vossio
523 1174 562 1238 de
585 1178 654 1238 arte
676 1196 813 1259 gramm.
836 1173 877 1256 V,
899 1173 941 1237 46
964 1177 997 1238 et
1018 1173 1226 1239 Lachmanno

82 1289 117 1353 in
139 1287 233 1351 Lucr.
257 1308 289 1370 p.
314 1286 375 1350 321
400 1288 657 1351 commemorata.
698 1285 787 1361 Quae
809 1283 901 1349 hodie
924 1284 1052 1368 quidem
1075 1307 1093 1349 a
1115 1285 1227 1370 pleris-

83 1421 144 1484 que
167 1397 315 1462 omnibus
345 1396 476 1461 concedi
503 1379 653 1481 putamus
676 1417 742 1461 non
766 1396 942 1480 composita
965 1416 1044 1479 esse,
1069 1395 1124 1460 sed
1147 1396 1227 1460 deri-

83 1513 160 1573 vata
188 1506 411 1572 anominibus
438 1505 647 1591 simplicibus.
692 1505 777 1570 Nam
806 1506 833 1570 si
863 1506 970 1590 aliquo
997 1505 1090 1571 modo
1119 1507 1228 1577 animo

83 1619 253 1684 informari
274 1621 382 1703 potest
403 1616 542 1680 ‘fumum
563 1615 614 1681 vel
635 1638 751 1680 navem
766 1616 816 1680 vel
831 1638 953 1680 remum
973 1622 1102 1697 apendi'
1126 1617 1226 1700 notiO,

84 1752 144 1795 nec
172 1727 332 1794 veteribus
359 1728 458 1792 talem
486 1728 685 1792 notationem
713 1727 914 1811 displicuisse
944 1749 1016 1791 cum
1046 1727 1226 1815 Eutpcffius

84 1864 116 1926 p.
140 1840 224 1904 2161
259 1839 352 1903 docet
383 1842 452 1902 tum
487 1846 687 1919 turpationem
720 1839 939 1922 interpretans
972 1845 1047 1903 iaris
1079 1847 1227 1904 actionem

84 1951 198 2016 Festus
221 1950 379 2034 epitomae
400 1972 435 2033 p.
454 1950 515 2014 103
538 1949 634 2035 (nihil
656 1949 742 2014 enim
766 1950 833 2013 eius
849 1950 935 2014 modi
950 1948 1054 2013 Varro
1077 1949 1115 2014 de
1130 1950 1152 2014 l.
1169 1950 1226 2014 lat.

85 2060 159 2144 VII,
183 2061 224 2125 93
248 2060 442 2145 significat):
465 2063 575 2123 tamen
590 2060 666 2144 quid
682 2081 750 2124 esse
772 2059 912 2124 ‘clarum
935 2068 1048 2144 agere'
1072 2060 1158 2124 dices
1178 2061 1229 2125 vel

84 2180 241 2256 ‘gnarum
263 2172 374 2234 mitem
396 2192 512 2255 purum
533 2170 657 2234 varium
680 2171 817 2255 agere’?
840 2173 873 2234 et
893 2171 989 2234 sicin
1012 2171 1125 2235 ceteris
1148 2193 1228 2255 quae

85 2283 125 2346 ad
147 2281 305 2367 ‘agendi’
328 2281 460 2345 verbum
478 2302 549 2345 oum
564 2280 620 2345 alii
635 2281 830 2345 rettulerunt
851 2285 920 2345 tum
942 2283 1053 2345 nostra
1075 2282 1228 2345 memoria

83 2393 211 2458 Pottius
233 2392 254 2457 l.
278 2415 304 2456 s.
329 2413 354 2456 s,
378 2392 394 2456 I
416 2414 448 2475 p.
474 2392 546 2456 132.
572 2392 681 2477 lanf)
711 2391 835 2455 Deinde
859 2391 919 2455 etsi
941 2397 994 2455 lite
1016 2412 1109 2470 affere
1131 2392 1229 2456 semel

84 2503 147 2567 nisi
170 2501 314 2567 fallimur
336 2502 457 2567 dictum
485 2505 534 2567 est
560 2525 579 2566 a
601 2501 821 2578 Quinctiliano
842 2500 923 2565 Inst.
948 2500 1007 2582 Vl,
1034 2503 1062 2583 1,
1086 2502 1144 2584 50,
1174 2501 1229 2565 ubi

85 2614 184 2678 etiam
199 2621 322 2693 litiqarc
336 2616 500 2697 potuerat:
525 2614 730 2697 (quamquam
752 2634 794 2675 ne
816 2610 848 2674 id
877 2611 1005 2695 quidem
1027 2611 1227 2696 simpliciter,

84 2724 140 2788 sed
168 2724 336 2789 verborum
365 2723 583 2807 complexione
610 2722 667 2788 tali
698 2745 772 2787 usus
797 2728 978 2804 pecuniaria
1005 2728 1056 2787 lite
1083 2728 1229 2788 adversus

80 2841 217 2914 fratrem
239 2842 302 2900 eius
317 2839 526 2899 Aenobarbum
542 2838 675 2916 apernit)
698 2837 809 2898 tamen
830 2855 890 2898 nec
912 2841 980 2898 turc
1001 2855 1096 2912 apere
1117 2833 1229 2919 lingua

84 2945 234 3032 probavit
254 2949 291 3009 ut
314 2931 476 3010 constanti
498 2967 558 3008 usu
579 2945 818 3029 frequentatum
833 2951 899 3024 lcqe
914 2965 1018 3027 apere,
1042 2966 1102 3008 nec
1124 2946 1229 3030 magis

85 3079 183 3141 quam
208 3063 313 3122 rixari
334 3063 483 3122 altercari
509 3056 607 3120 verba
638 3056 743 3140 ipsum
770 3063 897 3135 turpare
928 3077 1078 3139 umquam
1111 3059 1160 3120 est
1189 3057 1229 3120 ad

85 3190 154 3232 rem
176 3167 377 3232 iudiciariam
400 3167 689 3231 accommodatum:
718 3167 753 3230 in
781 3166 867 3250 quali
890 3166 1053 3230 sententia
1074 3167 1230 3231 miramur

88 3301 161 3343 cum
184 3277 256 3342 aliis
278 3277 356 3342 iuris
379 3278 561 3343 doctoribus
590 3277 629 3342 G.
653 3276 689 3340 F.
714 3276 872 3341 Puchtam
895 3299 963 3341 esse
984 3276 1229 3341 Institutionum

87 3394 111 3453 t.
136 3388 170 3453 Π
192 3411 224 3472 p.
248 3388 290 3454 65
313 3389 361 3453 ed.
385 3391 460 3453 tert.

171 3498 241 3563 Nec
269 3502 379 3564 tamen
406 3499 440 3563 in
470 3498 608 3584 simplici
630 3501 774 3580 tautum,
799 3497 854 3562 sed
876 3497 974 3562 etiam
994 3498 1029 3561 in
1053 3500 1229 3583 composito

86 3617 252 3690 ottarparc
269 3610 364 3673 verbo
387 3609 622 3694 productiorem
644 3609 780 3673 formam
796 3609 971 3693 antiquitas
987 3609 1136 3673 servavit.
1168 3607 1229 3672 Ec-

155 3797 181 3864 *)
211 3795 325 3866 [Tenuit
350 3813 413 3850 eum
440 3812 564 3851 errorem
589 3796 664 3850 idom
690 3794 798 3850 Pettius
824 3794 853 3848 in
879 3794 951 3848 libro
974 3792 1124 3848 novissimo
1147 3811 1230 3862 quem

86 3889 417 3944 ‘Wurzchdrterbuch
435 3889 484 3944 der
501 3889 782 3959 Indogermanischen
800 3888 957 3959 Sprachen’
975 3885 1125 3956 inscripsit,
1144 3887 1198 3940 vol.
1217 3889 1230 3941 I

86 4004 114 4054 p,
135 3990 210 4039 1230.
246 3983 372 4051 Eumque
395 3998 517 4037 errorem
538 3982 624 4037 miror
646 3983 740 4050 aliqua
762 3999 796 4036 ex
819 3983 900 4053 parte
924 3981 959 4034 ab
979 3994 1012 4032 eo
1030 3979 1089 4033 viro
1108 3979 1229 4048 defendi,

87 4077 165 4133 cuius
189 4079 218 4130 et
239 4075 396 4130 doctrinam
418 4082 448 4131 et
469 4075 601 4130 iudicium
623 4079 652 4130 et
674 4093 844 4147 propensum
866 4073 895 4127 in
916 4091 961 4127 me
988 4072 1111 4127 animum
1134 4075 1229 4143 magni

85 4172 180 4226 iacere
203 4170 321 4235 soleam,
347 4169 380 4222 Η.
404 4168 575 4223 Schweizero
597 4168 705 4223 Sidlero
728 4169 757 4222 in
778 4167 882 4223 Kuhnii
902 4165 1004 4221 Diariis
1028 4165 1229 4235 grammaticae

85 4262 298 4332 comparativae
316 4264 335 4316 t.
356 4262 406 4316 ΧΗ
423 4281 451 4332 p.
471 4268 527 4317 229.
563 4261 652 4327 Quem
673 4264 770 4316 tamen
791 4261 881 4315 laetor
905 4258 940 4312 de
963 4276 1056 4329 nuque
1079 4261 1107 4314 et
1125 4266 1231 4329 nutari

85 4356 202 4412 vocibus
220 4371 333 4425 prorsus
351 4354 419 4409 mihi
437 4354 563 4411 assentiri
585 4355 622 4410 ib.
640 4359 661 4409 t.
680 4354 732 4409 VII
749 4373 776 4425 p.
796 4361 844 4409 152
862 4356 891 4407 et
907 4351 946 4405 XI
963 4369 997 4423 p„
1010 4355 1059 4425 73.]
