2866 5010
395 332 571 382 nnosoma
593 332 663 380 von
689 329 886 383 ALTERIVS.
1149 321 1212 386 665

68 512 179 555 versus
201 489 297 553 verba
319 488 365 552 sic
386 488 527 572 possint,
556 508 670 573 parum
691 489 819 573 quidem
847 487 1022 574 eleganter,
1048 491 1212 557 collocari:

67 607 217 666 Damnum
240 606 365 664 ulterius
387 622 414 663 e.
431 621 462 683 q.
478 620 515 682 s,
541 603 574 664 et
595 600 691 665 tertio
712 599 782 663 tolli
796 600 1008 685 praepositio:
1038 608 1117 667 Vitio
1138 609 1212 668 altc-

66 721 134 779 rtas
154 718 276 792 sapiens
298 733 324 775 c.
348 733 378 795 q.
403 732 446 774 a:
474 713 584 775 tamon
611 710 661 775 vel
683 713 894 794 transponere
915 712 1013 775 verba
1036 713 1086 777 vel
1110 714 1211 778 eicere

69 846 143 891 cum
164 845 214 887 res
238 823 281 887 sit
302 820 381 886 satis
403 820 510 905 dubia,
534 824 603 885 tum
624 821 813 904 plenissima
836 821 1133 907 dubitationisest,
1157 826 1212 889 ubi

68 957 135 1003 non
156 934 261 1018 moda,
286 954 341 998 cur
363 933 463 997 sinta
487 932 625 997 librariis
647 933 784 997 traiecta
798 933 848 997 vel
869 934 983 1018 eiecta,
1008 957 1121 1019 parum
1142 957 1213 1020 per-

68 1046 218 1133 spicitur,
248 1044 304 1109 sed
325 1044 423 1109 etiam
450 1043 484 1107 id
505 1043 575 1107 fieri
597 1043 649 1108 vix
677 1044 818 1128 patrasse
845 1046 913 1108 tam
940 1047 1032 1130 gravi
1055 1047 1214 1111 evincitur

70 1160 276 1244 argumento,
300 1155 393 1241 quale
415 1155 476 1220 hoc
498 1156 563 1236 est,
592 1155 676 1240 quod
698 1154 875 1220 Publianae
898 1157 1079 1223 sententiae
1101 1180 1212 1223 secun·

69 1272 145 1336 dum
166 1270 346 1333 litterarum
368 1265 512 1331 ordinem
527 1266 683 1350 perscribi
706 1265 818 1330 solitae
834 1271 936 1332 erant.
981 1268 1056 1335 Huc
1077 1270 1211 1353 accedit,

68 1381 153 1466 quod
174 1380 209 1444 in
230 1378 460 1463 posterioribus
488 1377 610 1442 duobus
633 1377 776 1443 versibus
803 1379 933 1463 quaevis
957 1381 1138 1465 corrigendi
1160 1382 1213 1446 via

68 1491 196 1556 videtur
217 1490 392 1554 interclusa
414 1511 493 1554 esse.
538 1488 651 1573 Itaque
674 1510 734 1574 ego
755 1492 821 1553 tres
842 1489 914 1554 illos
930 1512 1039 1556 versus
1055 1490 1128 1577 Syri
1143 1515 1212 1557 esse

66 1625 162 1688 nego.
212 1600 281 1666 Nec
309 1602 425 1665 desunt
451 1600 544 1664 huius
571 1600 751 1663 sententiae
779 1605 985 1685 argumenta:
1015 1624 1095 1686 quac
1124 1603 1150 1666 si
1174 1626 1212 1668 ex

67 1713 194 1779 dicendi
217 1733 335 1798 genere
357 1710 465 1775 omnia
487 1713 594 1774 essent
609 1711 720 1794 petita,
744 1733 794 1774 res
819 1711 965 1776 confecta
989 1715 1087 1796 esset3
1110 1715 1165 1778 sed
1179 1715 1213 1779 id

66 1827 102 1889 in
129 1846 230 1888 unum
256 1825 383 1886 tantum
411 1821 591 1906 exemplum
620 1821 716 1885 cadit.
767 1820 844 1896 Quis
875 1826 925 1886 est
946 1822 1033 1886 enim
1054 1824 1212 1907 probatis-

68 1937 222 2000 simorum
243 1932 416 1997 latinitatis
438 1935 615 2015 auctorum,
640 1931 691 1995 cui
713 1938 799 1996 houd
819 1933 1012 1997 tantundem
1033 1934 1142 1998 valeat
1164 1939 1212 2000 at-

66 2068 128 2131 que
151 2045 211 2110 nc?
232 2044 371 2108 hancine
393 2043 609 2127 stribliginem
632 2042 765 2126 dignam
786 2045 881 2126 poeta
903 2044 1059 2109 iudicabis
1082 2048 1214 2130 propter

66 2156 224 2220 sermonis
248 2153 469 2219 castimoniam
485 2152 664 2218 collaudato
687 2153 906 2218 aveteribus‘?
928 2154 1013 2219 Nam
1034 2156 1211 2220 coniuncti·

66 2289 126 2332 vus
147 2265 202 2330 ille
224 2271 309 2330 lruud
326 2268 432 2342 factrus
453 2264 516 2328 nisi
540 2265 603 2329 vim
624 2264 759 2329 haberet
779 2263 978 2350 imperativi,
1007 2265 1096 2329 nullo
1118 2269 1213 2351 pacto

67 2377 256 2444 conveniret
276 2377 311 2440 in
334 2376 528 2440 sententiam
550 2398 646 2460 quam
667 2378 784 2440 vocant
808 2396 1017 2442 communem.

154 2487 244 2564 Quod
273 2490 379 2550 autem
407 2486 520 2571 reliqui
547 2508 656 2550 versus
685 2487 752 2550 eius
780 2487 865 2551 modi
893 2487 986 2570 lapsu
1013 2491 1146 2573 vacant,
1176 2510 1213 2553 eo
1233 2501 1264 2550 18

70 2599 154 2664 nihil
176 2598 330 2682 probatur
351 2597 414 2661 nisi
429 2597 500 2681 hoc,
523 2598 665 2681 potuisse
688 2618 796 2661 eorum
817 2597 1027 2662 fabricatores
1043 2598 1214 2682 aliquando

68 2711 169 2774 etiam
193 2729 304 2773 cavere
328 2709 405 2773 vitia
427 2708 586 2793 loquendi.
632 2707 694 2772 Sed
716 2708 855 2772 librariis
884 2698 954 2793 quis
977 2710 1107 2794 ignorat
1128 2710 1213 2795 quic·

70 2843 168 2906 quam
190 2842 250 2885 usu
273 2819 398 2884 venisse
414 2819 614 2904 frequentius
630 2842 725 2904 quam
740 2819 859 2884 similes
874 2820 961 2883 inter
975 2842 1009 2884 se
1024 2822 1212 2904 sententias

67 2954 149 3017 quas
176 2930 361 2995 memoriola
388 2931 632 3015 suppeditabat,
668 2930 812 2994 conferre
841 2934 936 3015 atque
964 2931 1098 2995 alteram
1121 2931 1214 2996 alteri

67 3041 272 3107 adscribere?
299 3064 361 3126 quo
383 3041 507 3105 factum
530 3045 593 3124 est,
622 3045 659 3104 ut
680 3043 778 3104 etiam
800 3042 993 3125 optimorum
1022 3030 1227 3128 scriptorum

64 3137 214 3218 libri'tor
236 3152 314 3216 locis
338 3155 617 3237 corrumperentur
646 3153 678 3215 et
706 3152 988 3236 interpolarentur.
1034 3153 1214 3218 Easdemne

66 3263 215 3327 librarios
237 3263 344 3326 credes
366 3262 532 3326 libidinem
552 3263 728 3326 coercuisse
750 3285 850 3346 suam,
874 3264 929 3327 ubi
952 3263 1096 3348 singulos
1117 3266 1214 3329 versi·

70 3374 158 3439 culos
186 3395 247 3438 nec
274 3373 340 3437 ullo
368 3375 548 3437 sententiae
577 3374 705 3438 vinculo
732 3373 818 3437 inter
846 3395 880 3438 se
903 3395 1039 3449 conexos
1061 3376 1214 3439 transcri-

66 3485 207 3548 berent?
229 3483 398 3549 eosdemne
418 3506 532 3548 manus
548 3484 741 3548 abstinuisse
763 3484 805 3547 ab
821 3484 1050 3569 adspergendis
1072 3485 1213 3548 inseren-

66 3596 180 3679 disque
202 3594 376 3678 versiculis,
400 3617 477 3679 quos
500 3595 551 3659 vel
573 3595 817 3659 recordarentur
830 3594 881 3659 vel
903 3616 959 3659 suo
982 3595 1118 3658 artificio
1141 3616 1214 3658 con-

68 3704 225 3769 suerent?
262 3705 389 3788 quando
420 3705 530 3789 pusilli
566 3705 691 3789 ingenii
728 3704 941 3769 imbecillitati
973 3704 1056 3768 nihil
1087 3707 1215 3788 poterat

67 3814 231 3898 acceptius
259 3836 328 3879 esse
356 3818 452 3899 atque
485 3815 665 3898 exoptatius
693 3837 789 3899 quam
818 3814 1042 3899 pervulgatam
1075 3814 1214 3898 aliquam

66 3924 264 3991 seutentiam
297 3928 329 3987 et
358 3925 519 3989 cotidiana
558 3924 786 3989 consuetudine
820 3925 992 3989 contritam
1027 3924 1062 3988 in
1096 3925 1215 3989 senarii

68 4034 201 4101 iambici
228 4036 309 4099 fines
339 4036 429 4119 quasi
456 4035 616 4100 infercire.
669 4034 731 4100 Sed
757 4035 1024 4118 intemperantior
1051 4035 1120 4099 sine
1148 4034 1214 4099 ulla

67 4131 285 4210 controversia
308 4145 465 4209 editorum
491 4146 553 4209 fuit
575 4144 683 4209 libido.
733 4144 838 4209 Publii
865 4145 952 4209 enim
972 4145 1043 4229 Syri
1067 4146 1214 4210 versiculi

67 4277 141 4321 cum
162 4257 282 4339 partim
311 4256 428 4318 servati
456 4255 523 4319 sint
545 4278 563 4319 a
587 4255 745 4319 veteribus
773 4236 963 4339 quibusdam
991 4256 1212 4341 scriptoribus,

66 4366 157 4431 velut
185 4387 203 4429 a
232 4364 369 4449 Seneca,
400 4364 520 4450 Gellio,
551 4365 730 4448 Macrobio,
764 4366 882 4450 partim
905 4366 1079 4451 separatim
1101 4367 1213 4452 scripti
